2164 3406
761 165 851 197 Aeta
876 163 1041 198 Archelai
1070 164 1211 198 XXXV.
1242 163 1400 197 xxxvl.
1895 170 1938 208 51

215 277 322 318 enim
354 276 493 318 omnia
521 291 626 331 quae
657 275 755 316 fecit
784 276 893 317 bona
913 275 1031 315 valdo
1063 276 1172 326 feeit,
1202 275 1321 316 liberi
1351 274 1508 315 arbitrii
1537 288 1702 315 sensum
1728 275 1946 329 unicuique

215 343 337 393 dedit,
368 357 449 396 qua
478 343 637 384 ratione
670 341 793 382 etiam
823 341 957 395 legem
990 341 1130 382 iudicii
1162 342 1312 394 posuit,
1349 356 1397 381 ex
1429 356 1475 381 eo
1509 343 1619 394 quod
1651 340 1688 379 in
1723 345 1862 382 nostro
1895 341 1947 382 sit

214 409 383 450 arbitrio
413 408 685 450 constitutum
716 422 885 461 peccare
917 407 981 447 vel
1013 421 1094 448 non
1126 421 1307 460 peccare,
1339 407 1446 447 sicut
1477 406 1598 446 etiarn
1632 409 1675 445 tu
1709 407 1797 447 sine
1819 408 1945 448 dubio

213 475 332 526 nosti,
363 490 386 517 o
418 474 572 524 Manes,
603 475 637 515 si
663 477 800 514 tamen
824 486 1051 527 congregas
1073 473 1115 513 in
1137 487 1265 513 unum
1288 472 1513 526 discipulos
1534 475 1627 512 tuos
1651 475 1689 512 et
1711 486 1946 513 commones

169 549 188 579 ι’)
214 556 263 581 ne
285 540 540 594 delinquant,
568 555 619 581 ne
641 540 800 594 aliquid
821 539 971 580 iniuste
994 542 1150 593 gerant,
1178 538 1321 579 iudicii
1340 538 1476 591 legem
1497 538 1782 591 unusquisqne
1804 554 1945 580 eorum

214 607 346 660 possit
377 609 560 648 evadere.
619 606 674 647 Et
705 609 812 647 certe
835 606 905 659 qui
927 605 1135 647 voluerint
1156 606 1376 646 observant
1397 603 1609 656 mandata3
1641 604 1712 657 qui
1733 619 1830 645 vero
1853 620 1947 645 con-

214 673 459 726 tempserint
489 676 529 714 et
558 673 600 712 in
631 686 870 726 perversum
892 671 1192 712 declinaverint
1221 670 1308 711 sine
1331 670 1457 710 dubio
1478 669 1613 723 legem
1636 670 1779 711 iudicii
1800 670 1945 711 ferent.

214 738 277 780 Ex
319 740 398 780 hoc
439 740 563 780 etiam
607 738 850 791 angelorum
882 738 1050 791 quidam
1092 738 1288 777 mandato
1320 735 1384 776 dei
1421 750 1504 776 non
1547 735 1701 776 subditi
1742 735 1949 778 voluntati

216 805 302 846 eius
333 804 573 846 restiterunt
603 807 643 845 et
672 803 823 857 aliquis
855 804 1023 857 quidem
1056 805 1104 843 de
1137 802 1269 853 eaelo,
1311 804 1525 855 tamquam
1556 801 1699 855 fulgur
1729 802 1855 856 ignis,
1888 818 1949 843 ce·

148 874 190 908 10
216 870 316 911 cidit
346 885 469 923 super
497 874 665 918 terram;
709 869 778 910 alii
811 884 906 909 vero
949 870 991 909 in
1033 869 1232 909 felicitate
1263 867 1508 917 miserabili,
1538 867 1754 908 hominum
1785 867 1949 909 filiabus

216 937 398 986 admixti,
430 952 453 977 a
483 939 661 978 dracone
692 935 858 985 adflicti,
901 934 1010 988 ignis
1052 934 1208 975 aeterni
1249 948 1426 987 poenam
1462 933 1670 986 suscipere
1700 937 1948 974 meruerunt.

216 1001 290 1043 vllle
319 1002 448 1056 igitur
476 1002 519 1042 in
549 1005 698 1042 terram
731 1000 922 1041 decidens
953 1015 1028 1041 nee
1059 1000 1167 1041 ultra
1201 999 1304 1041 caeli
1334 998 1574 1052 regionibus
1611 998 1814 1039 admissus
1847 1000 1951 1040 inter

216 1068 400 1108 homines
421 1067 642 1119 volutatur,
672 1067 880 1120 decipiens
903 1081 971 1107 eos
993 1068 1117 1120 atque
1138 1067 1391 1119 persuadens
1413 1063 1492 1105 Sibi
1511 1063 1666 1105 similes
1688 1064 1797 1106 effici
1818 1067 1950 1106 trans-

215 1146 441 1188 gressores3
472 1136 512 1174 et
540 1147 672 1187 usque
702 1133 745 1173 in
774 1133 1021 1174 hodiernum
1052 1132 1312 1173 adversarius
1335 1133 1396 1172 est
1416 1129 1621 1170 mandatis
1644 1130 1720 1171 dei.
1766 1130 1846 1172 Sed
1867 1146 1948 1172 non

149 1208 192 1242 15
217 1213 359 1241 omnes
388 1199 552 1253 lapsum
588 1199 732 1240 ruinae
775 1199 862 1240 eius
906 1201 1132 1251 sequentur
1169 1213 1245 1251 pro
1289 1212 1336 1238 eo
1380 1198 1491 1250 quod
1526 1196 1752 1249 unicuique
1780 1197 1950 1238 libertas

216 1265 378 1307 arbitrii
408 1269 487 1318 est,
520 1281 568 1307 ex
598 1266 678 1307 hoc
709 1265 816 1306 enim
848 1268 888 1305 et
918 1263 1152 1317 appellatus
1184 1267 1245 1305 est
1274 1262 1476 1314 diabolus,
1507 1276 1553 1303 eo
1587 1264 1697 1315 quod
1728 1264 1949 1304 transitum

217 1330 361 1373 feeerit
391 1333 440 1372 de
471 1331 717 1373 caelestibus
750 1334 790 1372 et
819 1332 931 1384 quod
960 1329 1003 1370 in
1024 1330 1144 1371 terris
1166 1331 1362 1371 mandato
1385 1328 1450 1369 dei
1471 1328 1726 1370 obtrectator
1747 1330 1950 1370 existeret.

218 1396 322 1445 Quia
352 1400 489 1438 autem
521 1399 620 1438 deus
652 1397 706 1438 sit
736 1397 807 1451 qui
837 1397 952 1451 prius
982 1398 1223 1437 mandatum
1257 1395 1381 1446 dedit,
1411 1395 1499 1447 ipse
1529 1395 1722 1435 dominus
1749 1394 1863 1436 Iesus
1894 1396 1951 1436 ait

218 1465 269 1503 ad
299 1462 526 1505 diabolum:
557 1467 660 1504 Vada
685 1471 774 1515 post
803 1479 875 1514 me,
908 1465 1068 1504 Satanas
1116 1461 1171 1503 Et
1201 1463 1288 1503 sine
1319 1460 1444 1502 dubio
1476 1461 1534 1502 ire
1564 1463 1660 1513 post
1690 1462 1812 1501 deum
1845 1461 1951 1503 servi

150 1535 193 1570 20
218 1532 290 1571 est.
337 1529 393 1570 Et
421 1529 571 1570 iterum
603 1531 714 1583 quod
745 1530 803 1570 ait
833 1532 885 1570 ad
916 1543 1026 1569 eum:
1059 1531 1278 1569 Dominum
1311 1531 1423 1567 deum
1459 1534 1571 1567 tuum
1600 1530 1781 1567 calm-abis
1811 1534 1844 1567 et
1872 1531 1952 1579 ipsi

217 1598 294 1636 soli
322 1598 473 1636 servies.
532 1595 739 1644 Quoniam
771 1608 868 1648 ergo
901 1595 1245 1647 obtemperabant
1276 1593 1445 1647 quidam
1480 1593 1696 1634 hominum
1726 1592 1950 1633 voluntati-

216 1660 294 1702 bus
324 1660 472 1714 ipsius,
510 1662 730 1702 audierunt
760 1676 783 1701 a
813 1660 1035 1702 salvatore:
1076 1663 1153 1700 Vos
1181 1675 1224 1700 ero
1253 1666 1365 1711 patre
1395 1661 1544 1699 diabolo
1575 1661 1667 1698 estis
1694 1665 1727 1698 et
1761 1662 1950 1700 desideria

209 1730 340 1779 patris
367 1731 485 1768 vestri
511 1731 637 1779 facere
662 1730 792 1768 vultis.
840 1726 1042 1780 Denique,
1074 1739 1169 1766 cum
1190 1725 1350 1765 faciunt
1369 1724 1605 1765 voluntates
1632 1724 1730 1775 eius,
1761 1724 1950 1765 audiunt:

223 1795 431 1834 Generatio
461 1796 698 1845 viperarum,
730 1797 822 1845 quis
849 1796 957 1833 vobis
977 1794 1144 1833 ostendit
1169 1794 1302 1843 fuyare
1323 1794 1368 1830 ab
1389 1794 1451 1831 ira
1470 1797 1631 1831 ventura
1645 1793 1663 1829 ‚9
1709 1793 1844 1831 Facite
1864 1806 1950 1842 erqo

150 1868 194 1903 25
216 1861 394 1910 fructum
422 1862 587 1911 diqnum
612 1862 879 1911 poenitentiae.
936 1858 1000 1899 Ex
1029 1859 1110 1900 hoc
1140 1870 1238 1911 ergo
1268 1856 1436 1910 pervide
1469 1858 1624 1910 quanta
1653 1856 1715 1897 vis
1745 1856 1799 1897 sit
1820 1856 1949 1898 homi-

219 1939 313 1965 nem
343 1924 464 1966 liberi
495 1939 584 1966 esse
613 1924 784 1965 arbitrii.
842 1924 966 1965 Dicat
996 1928 1135 1965 tamen
1166 1923 1289 1964 etiam
1320 1922 1409 1975 ipse
1430 1922 1464 1962 si
1486 1924 1547 1963 est
1566 1920 1765 1962 iudicium
1786 1922 1951 1975 piorum

220 1992 260 2031 et
288 1990 509 2043 inpiorum.
551 1989 706 2031 MANES
726 2003 871 2032 DIXIT:
902 1990 979 2031 Est
998 1989 1210 2030 iudicium.
1252 1989 1521 2029 ARCHELAUS
1541 2001 1685 2028 DIxrr:
1715 1987 1823 2030 Puto
1846 2002 1950 2042 quae

219 2071 242 2096 a
271 2056 392 2097 nobis
424 2058 473 2097 de
504 2055 670 2098 diabolo
702 2057 813 2097 dicta
851 2059 947 2097 sunt
976 2071 1059 2097 non
1089 2069 1237 2109 parum
1266 2054 1439 2096 rationis
1470 2057 1510 2094 et
1539 2053 1705 2107 pietatis
1727 2054 1950 2094 obtineant.

219 2121 359 2162 Habet
389 2122 498 2162 enim
530 2125 570 2163 et
598 2137 872 2176 unaquaeque
894 2124 1082 2163 creatura
1115 2121 1300 2163 ordinem
1322 2135 1443 2161 suum
1474 2122 1514 2160 et
1534 2119 1640 2160 alius
1663 2121 1828 2172 quidem
1851 2121 1951 2161 ordo

152 2197 196 2232 30
220 2190 282 2228 est
311 2188 482 2228 humani
510 2189 672 2241 generis
703 2191 743 2229 et
772 2187 877 2229 alius
909 2187 1149 2228 animalium
1181 2189 1243 2227 est
1272 2189 1397 2240 atque
1430 2184 1535 2226 alius
1569 2184 1829 2238 angelorum;
1870 2199 1952 2225 una

220 2268 316 2295 vero
348 2255 389 2294 et
417 2252 507 2294 sola
527 2254 859 2295 inconversibilis
881 2256 942 2295 est
963 2254 1102 2294 divina
1123 2252 1364 2302 substantia,
1395 2254 1570 2300 aeterna,
1590 2250 1821 2303 invisibilis,
1847 2250 1953 2291 sicut

332 2385 356 2419 9
382 2384 471 2418 Luk.
497 2385 551 2424 10,
576 2386 619 2419 18
643 2404 686 2408 —
719 2385 768 2420 19
794 2385 922 2419 Matth.
948 2386 979 2427 4,
1007 2385 1049 2419 10
1083 2405 1127 2408 -
1163 2385 1215 2419 20
1240 2384 1369 2418 Matth.
1395 2385 1426 2425 4,
1452 2383 1496 2417 10
1525 2401 1567 2405 —
1599 2382 1648 2416 22
1675 2380 1753 2414 Joh.
1780 2382 1810 2423 8,
1836 2383 1880 2416 44
1911 2400 1953 2405 —

221 2441 272 2475 24
297 2440 426 2475 Matth.
452 2442 483 2481 3,
509 2442 537 2475 7.
563 2441 585 2475 S

339 2551 410 2585 GM

336 2662 355 2696 1
394 2660 515 2696 liberii
550 2661 595 2695 M
633 2662 638 2704 Ι
683 2661 706 2695 2
731 2662 826 2695 nach
849 2661 969 2706 posuit
995 2666 1036 2701 -ξ-
1061 2672 1210 2706 peccare
1241 2661 1409 2694 nostrum
1433 2661 1487 2694 est
1516 2661 1557 2693 ut
1588 2659 1710 2693 autem
1733 2670 1807 2693 non
1831 2668 1952 2702 pecce-

221 2727 300 2750 mus
337 2715 396 2751 dei
425 2717 560 2751 donum
596 2717 651 2750 est
678 2716 708 2751 O
748 2717 752 2760 Ι
797 2717 821 2753 3
857 2717 933 2752 sine
969 2717 1079 2751 dubio
1104 2723 1148 2755 <
1172 2716 1216 2750 M
1255 2717 1259 2760 Ι
1305 2716 1328 2750 4
1367 2714 1577 2759 congregas]
1615 2725 1840 2758 congregans
1875 2713 1953 2756 (das

223 2771 321 2806 letxte
355 2784 381 2805 n
412 2773 532 2816 yetilyt
567 2772 626 2816 M)
658 2772 729 2807 OM
767 2774 772 2816 1
816 2773 1034 2816 commones]
1063 2771 1263 2806 communis
1294 2771 1323 2806 C
1349 2770 1547 2805 commonis
1571 2769 1616 2804 M
1654 2771 1658 2812 1
1703 2770 1725 2804 5
1752 2769 1904 2813 aliquid]
1933 2781 1954 2803 a

222 2836 290 2861 aas
314 2828 337 2861 d
357 2828 472 2872 yleich
495 2838 585 2862 corr.
616 2827 663 2862 01
695 2827 700 2871 1
737 2828 832 2862 ‘nach
856 2830 985 2873 gerant
1010 2833 1051 2868 —†-
1075 2829 1117 2862 ut
1140 2828 1184 2862 M
1212 2830 1216 2867 Ι
1255 2829 1305 2863 10
1329 2826 1530 2862 miserabili
1554 2831 1596 2863 <
1627 2825 1656 2859 C
1685 2826 1688 2867 Ι
1723 2825 1772 2860 13
1797 2825 1953 2859 hominis

229 2883 258 2917 G
295 2883 300 2926 Ι
346 2883 397 2918 23
422 2883 507 2917 auch·
530 2885 614 2927 unt,
639 2885 682 2918 nt
703 2896 772 2918 aus
796 2884 834 2919 ni
856 2896 897 2918 w.
921 2896 948 2920 e.
975 2884 1047 2918 sele.
1073 2895 1163 2919 corr.
1196 2883 1244 2918 0²
1286 2885 1290 2927 Ι
1336 2884 1386 2918 25
1417 2882 1571 2917 fractum
1604 2881 1633 2916 O
1672 2882 1675 2923 l
1721 2882 1771 2915 26
1797 2881 1950 2925 piorum]

222 2951 244 2984 p
268 2949 337 2973 aus
361 2949 386 2983 4)
412 2939 469 2983 (=
492 2941 568 2984 pro)
593 2951 684 2975 corr.
715 2940 745 2974 O
782 2940 787 2984 Ι
832 2941 882 2975 28
907 2939 1011 2974 nobis
1040 2940 1070 2974 Ο

1627 2994 1675 3026 4ss

1976 1733 1999 1765 (ἰ
