2164 3406
212 891 254 924 10

210 1549 252 1583 20

208 1876 252 1910 25

211 2202 254 2236 30

279 192 328 230 64
1028 183 1271 228 Hegemonius

278 310 483 350 quemque
513 310 596 336 non
626 295 762 336 lateat.
818 294 934 335 Tunc
965 306 1079 347 ergo,
1112 308 1204 334 cum
1236 293 1450 346 effugisset
1476 294 1629 343 Manes,
1670 307 1875 346 nusquam
1907 307 2001 334 con-

277 362 424 415 paruit.
482 359 623 401 Turbo
654 376 749 401 vero
781 361 970 401 minister
998 359 1203 400 Archelao
1244 359 1421 399 traditur
1451 374 1474 399 a
1502 359 1717 408 Marcello,
1755 373 1876 412 quem
1908 373 2000 399 cum

279 428 498 467 diaconum
528 427 758 467 Archelaus
800 425 1046 477 ordinasset,
1088 426 1131 465 in
1171 423 1360 465 Marcelli
1401 426 1671 465 contubernio
1712 425 2001 478 perseveravit.

279 491 422 532 Manes
453 494 589 532 autem
620 493 784 545 fugiens
815 491 982 531 advenit
1002 493 1053 530 ad
1075 492 1280 543 quendam
1301 490 1438 530 vicum
1468 490 1594 543 longe
1616 491 1666 530 ab
1688 491 1788 531 urbe
1808 491 2002 543 positum,

235 566 251 598 ιῒ
281 558 352 610 qui
373 557 658 610 appellabatur
678 557 863 597 Diodori.
905 555 1007 596 Erat
1028 558 1166 596 autem
1187 556 1403 608 presbyter
1422 555 1505 596 loci
1532 555 1645 596 illius
1666 556 1831 596 nomine
1853 559 1893 596 et
1913 556 2002 609 ipse

279 623 498 673 Diodorus,
529 624 692 675 quietus
724 625 763 662 et
784 622 908 671 mitis,
940 620 1037 661 fidei
1070 635 1116 661 ac
1146 621 1280 661 famae
1312 621 1444 661 bonae
1473 621 1608 669 valde;
1641 624 1680 661 et
1709 635 1801 661 cum
1824 623 2023 674 (1113113111·’

279 690 345 729 die
375 689 528 737 Manes,
572 691 824 741 congregata
865 687 1001 737 turba⁷
1045 687 1354 727 contionaretur
1395 700 1443 726 ac
1482 687 1699 739 peregrina
1730 688 1931 739 quaedam
1963 690 2002 727 et

279 754 411 794 aliena
442 770 464 793 a
493 756 664 806 paterna
693 754 915 794 traditione
936 752 1091 806 populo
1126 752 1198 805 qui
1219 753 1409 792 adstabat
1439 753 1658 801 adsereret,
1686 752 1847 792 nullum
1870 767 1917 793 ex
1940 753 2002 793 his

280 820 445 859 omnino
473 819 713 871 formidans,
744 820 855 872 quod
883 818 962 860 sibi
992 819 1126 871 possit
1157 818 1368 867 obsistere,
1398 816 1609 858 Diodorus
1637 818 1780 858 videns
1802 817 2003 870 proficere

280 886 365 926 eius
401 886 631 938 nequitiam
667 885 869 926 deliberat
898 884 1102 925 Archelao
1133 884 1297 924 mittere
1329 883 1548 935 epistulam
1579 883 1861 924 continentem
1889 884 2001 925 haec.

385 949 515 990 XLIV
559 950 671 1002 (XL).
740 950 945 992 Archelao
989 949 1182 1003 episcopo
1221 948 1430 990 Diodorus
1473 948 1649 989 salutem
1702 949 1814 989 dicit.
1888 948 2002 990 Scire

277 1019 317 1056 te
346 1016 453 1064 volo,
484 1017 796 1069 religiosissime
837 1019 964 1069 pater,
1008 1016 1203 1069 quoniam
1246 1015 1413 1055 advenit
1445 1015 1614 1067 quidam
1654 1015 1697 1054 in
1735 1015 1880 1055 diebus
1910 1015 2003 1056 istis

276 1083 443 1122 nomine
473 1081 616 1123 Manes
647 1084 697 1122 ad
727 1082 818 1122 loca
848 1084 1002 1132 nostra7
1048 1082 1119 1134 qui
1159 1081 1256 1122 novi
1286 1080 1525 1121 testamenti
1555 1080 1785 1120 doctrinam
1816 1094 1858 1120 se
1890 1080 2002 1121 adin-

277 1148 388 1200 plere
418 1148 635 1200 promittit.
692 1148 747 1188 Et
777 1148 943 1200 quidem
974 1150 1089 1187 erant
1120 1147 1321 1200 quaedam
1350 1146 1394 1186 in
1423 1146 1486 1185 his
1516 1160 1620 1198 quae
1651 1145 1700 1185 ab
1733 1160 1779 1186 eo
1812 1146 2003 1187 diceban-

277 1217 344 1253 tur
374 1216 538 1253 nostrae
568 1214 674 1262 fidei,
707 1215 910 1266 quaedam
940 1227 1037 1253 vero
1069 1211 1283 1252 adserebat
1312 1210 1435 1263 longe
1467 1212 1628 1252 diversa
1659 1211 1709 1251 ab
1740 1212 1791 1252 iis
1820 1226 1924 1265 quae
1953 1214 2002 1252 ad

277 1294 351 1319 nos
382 1282 551 1332 paterna
581 1280 803 1319 traditione
825 1280 1087 1319 descendunt
1132 1276 1486 1329 Interpretabatur
1507 1277 1617 1317 enim
1639 1279 1839 1330 quaedam
1861 1277 2002 1327 aliene,

278 1344 427 1396 quibus
459 1345 583 1385 etiam
615 1360 662 1385 ex
692 1345 871 1398 propriis
902 1344 1089 1393 addebat,
1121 1357 1224 1396 quae
1254 1342 1357 1382 mihi
1386 1342 1505 1382 valde
1540 1343 1757 1395 peregrina
1789 1343 1877 1383 visa
1908 1346 2003 1384 sunt

279 1412 319 1449 et
347 1410 485 1450 infida.
543 1410 624 1450 Pro
655 1410 804 1463 quibus
836 1410 959 1450 etiam
990 1412 1201 1462 permotus
1233 1423 1324 1448 sum
1361 1408 1539 1448 scribere
1570 1408 1671 1448 haec
1701 1410 1753 1448 ad
1782 1411 1838 1459 te,
1870 1410 2002 1450 sciens

279 1476 490 1516 doctrinae
520 1478 614 1515 tuae
644 1476 874 1528 perfectum
907 1478 946 1516 et
976 1475 1263 1528 plenissimum
1295 1488 1472 1523 sensum,
1505 1474 1701 1526 quoniam
1721 1473 1848 1514 latere
1870 1477 1909 1514 te
1930 1475 2003 1515 ho-

278 1556 368 1581 rum
393 1541 497 1581 nihil
527 1544 680 1594 potest3
713 1544 752 1581 et
781 1542 874 1581 ideo
907 1540 1086 1581 confisus
1118 1555 1209 1581 sum
1230 1541 1281 1579 ad
1303 1538 1560 1592 explananda
1581 1538 1701 1580 nobis
1728 1540 1829 1580 haec
1848 1541 2004 1581 invidia

277 1610 317 1646 te
347 1621 429 1647 non
460 1621 582 1660 posse
612 1607 833 1660 prohiberi.
893 1605 1090 1655 Quamvis
1121 1620 1197 1646 nec
1227 1618 1303 1658 ego
1336 1605 1503 1657 quidem
1538 1605 1581 1644 in
1617 1603 1791 1645 alterum
1823 1605 2004 1659 aliquem

275 1673 466 1715 inclinari
496 1674 703 1725 potuerim
735 1687 910 1722 sensum,
941 1675 1078 1712 tamen
1110 1674 1279 1724 propter
1310 1670 1518 1722 simplices
1541 1684 1727 1723 quosque
1749 1673 1843 1711 tuae
1865 1675 2005 1713 aucto-

277 1739 411 1779 ritatis
455 1738 678 1791 conpulsus
721 1753 811 1778 sum
853 1738 1061 1790 inplorare
1105 1751 1346 1777 sermonem.
1406 1735 1465 1776 Re
1507 1750 1602 1776 vera
1644 1737 1752 1776 enim
1788 1737 1852 1777 vir
1886 1738 2004 1778 valde

276 1805 496 1845 Vehemens
526 1806 611 1844 tam
642 1818 829 1844 sermone
861 1818 983 1857 quam
1015 1817 1148 1856 opere,
1180 1803 1250 1842 sed
1281 1804 1320 1842 et
1351 1803 1548 1854 adspectu
1577 1802 1668 1853 ipso
1706 1804 1829 1854 atque
1860 1803 2002 1844 habitu

278 1871 456 1922 adparet.
507 1869 587 1910 Sed
618 1872 657 1910 et
686 1884 817 1922 pauca¹
839 1871 1051 1922 quaedam,
1083 1868 1230 1921 (quae)
1250 1868 1424 1908 retinere
1455 1882 1627 1920 possum
1658 1882 1705 1907 ex
1734 1868 1785 1908 iis
1818 1883 1921 1921 quae
1953 1869 2003 1909 ab

278 1950 324 1975 eo
357 1936 465 1976 dicta
496 1938 607 1985 sunt,
649 1936 784 1976 scribo
824 1935 901 1975 tibi
942 1936 1073 1976 sciens
1112 1934 1207 1987 quia
1251 1948 1298 1973 ex
1339 1934 1390 1974 iis
1433 1934 1556 1973 etiam
1587 1933 1745 1986 reliqua
1775 1933 2003 1987 intelleges.

278 1999 403 2042 Nosti
434 2002 531 2054 quia
560 2016 717 2041 morem
748 2002 856 2042 hunc
889 2002 1042 2042 habent
1073 2001 1144 2054 qui
1175 2001 1325 2052 dogma
1357 1999 1526 2052 aliquod
1557 2001 1743 2039 adserere
1772 1999 1928 2050 volunt,
1958 2003 2004 2041 ut

279 2081 563 2119 quaecumque
592 2066 799 2107 voluerint
829 2068 877 2106 de
909 2068 1124 2119 scripturis
1146 2067 1371 2115 adsumere,
1401 2066 1502 2105 haec
1530 2065 1776 2118 propensius
1798 2065 1862 2105 sui
1882 2066 2002 2106 intel-

279 2132 460 2185 legentia
502 2135 736 2186 depravent.
807 2132 887 2172 Sed
926 2133 1001 2173 hos
1047 2132 1314 2185 praeveniens
1357 2130 1610 2183 apostolicus
1653 2145 1786 2170 sermo
1835 2132 2004 2171 denotat

280 2198 434 2238 dicens:
473 2202 518 2238 SA
547 2201 639 2249 quis
667 2201 773 2238 robis·
802 2202 1093 2239 adnmarim-erit
1112 2204 1384 2249 praeterquam
1417 2200 1520 2248 quod
1548 2199 1754 2247 ‹recepi-stis,
1797 2201 2002 2237 anathema

391 2306 441 2339 30
468 2306 545 2340 cai.
573 2308 602 2349 1,
627 2307 648 2340 s

395 2404 466 2438 OM

391 2493 412 2527 2
430 2493 615 2527 archelaus
635 2494 664 2528 O
681 2494 685 2535 Ι
708 2495 730 2528 3
757 2495 942 2528 ordinaret
956 2489 991 2529 'O
1011 2495 1013 2536 Ι
1036 2493 1321 2539 perseuerauerit
1350 2493 1378 2527 C
1396 2493 1401 2534 Ι
1424 2494 1445 2528 5
1465 2491 1611 2536 dyoderi
1630 2492 1665 2533 G,
1692 2491 1748 2524 bez·
1770 2491 2003 2534 Epiphanius

281 2548 389 2581 hoissi
425 2549 485 2581 der
519 2549 704 2592 Pras-hym·
743 2549 898 2594 Τρύφων
932 2551 1005 2583 und
1028 2550 1124 2583 sedne
1163 2550 1264 2583 Staclt
1302 2548 1480 2594 Διοδωρίς
1524 2549 1528 2590 Ι
1576 2548 1592 2582 's'
1633 2546 1904 2581 continuaretur
1933 2547 1962 2582 O
1999 2547 2002 2592 Ι

280 2604 436 2647 quadam
455 2604 506 2647 Ol
530 2605 576 2639 11
605 2606 758 2638 salutem
773 2612 814 2642 <
833 2606 861 2639 C
897 2608 900 2648 Ι
941 2606 990 2640 14
1013 2606 1071 2649 ab]
1097 2617 1118 2639 a
1134 2618 1167 2641 α.
1191 2606 1277 2639 Bas.
1303 2604 1363 2645 M,·
1386 2605 1443 2638 ein
1470 2603 1618 2636 mederer
1645 2602 1800 2644 Bzwhst„
1830 2602 2003 2636 vz'elleieht

279 2660 320 2701 h,
356 2659 405 2693 ist
440 2671 502 2693 2⁷02·
527 2672 547 2694 a
572 2661 775 2694 ‹sztsrasdivrt
818 2662 822 2703 Ι
869 2662 917 2696 15
949 2661 1004 2705 iis]
1031 2662 1087 2695 his
1113 2662 1154 2695 M
1196 2663 1200 2704 Ι
1245 2661 1361 2703 15slss
1399 2660 1444 2694 ad
1468 2659 1545 2702 nos]
1585 2670 1605 2692 a
1641 2669 1705 2692 nos
1742 2659 1820 2700 (nos
1845 2669 1877 2691 α.
1903 2658 2003 2701 Has.)

285 2716 314 2749 O
354 2717 358 2758 Ι
405 2716 454 2750 16
481 2715 696 2750 discendunt
725 2717 752 2751 G
795 2718 797 2759 Ι
842 2717 961 2751 aliena
985 2717 1030 2750 ΠΙ
1057 2718 1060 2760 Ι
1108 2718 1153 2752 17
1181 2717 1261 2751 uisa
1285 2719 1369 2750 sunt
1392 2716 1483 2750 mihi
1507 2714 1614 2749 valde
1638 2714 1832 2758 peregrina
1849 2713 1893 2747 M
1913 2725 2002 2748 corr.

280 2771 324 2804 Μ
329 2773 342 2794 2
386 2772 389 2814 Ι
435 2772 482 2806 21
510 2771 603 2805 ¹maela
621 2772 765 2815 quidem
792 2777 832 2812 -Ι-
859 2773 903 2806 ad
927 2774 971 2813 O.-
997 2773 1267 2806 durelzstrz'elzen
1283 2772 1352 2805 mit
1374 2770 1550 2805 derselhen
1571 2770 1669 2804 Time
1702 2771 1706 2812 Ι
1741 2770 1791 2804 24
1817 2770 1904 2813 tam]
1931 2769 2004 2803 iam

284 2827 313 2861 G
354 2828 357 2870 Ι
403 2827 452 2862 25
488 2827 578 2860 nach
617 2828 793 2871 quaedam
821 2833 861 2868 -Ι-
887 2841 979 2872 quae
1009 2828 1173 2871 Zacafsni
1214 2829 1218 2872 Ι
1261 2828 1318 2872 iis]
1349 2827 1405 2860 his·
1430 2827 1474 2860 M
1514 2827 1519 2870 Ι
1563 2827 1612 2860 26
1649 2825 1705 2869 iis]
1740 2825 1796 2858 his
1822 2825 1866 2858 M
1903 2826 1908 2869 Ι
1953 2826 2000 2860 27

278 2883 426 2925 habent]
455 2883 564 2917 habet
593 2884 621 2917 O
663 2885 666 2926 Ι
712 2885 761 2918 29
797 2885 874 2927 hos]
901 2895 949 2917 mc
973 2885 1042 2919 hoc
1066 2884 1153 2918 olene
1176 2884 1262 2918 Bas.
1286 2895 1375 2918 corr.
1405 2884 1454 2917 02
1497 2884 1501 2926 Ι
1545 2893 1660 2918 sermo
1686 2881 1836 2915 denotat
1860 2894 1905 2911 ω
1934 2881 1963 2915 O
2000 2880 2003 2924 Ι

280 2939 331 2972 30
355 2941 619 2983 praeterquam]
647 2941 789 2983 praeter
817 2940 845 2974 C

2029 631 2050 665 Q‘!

2029 1153 2051 1187 10
