2164 3406
180 939 196 970 1

179 1262 215 1293 1-

177 1628 196 1643 -)

176 1956 196 1989 ¹0

199 1957 219 1989 U(

202 580 222 613 01

200 942 221 969 4)

200 1271 220 1295 O

199 1631 220 1657 (1

248 200 297 238 22
995 192 1239 237 Hegemonius

249 306 389 346 ταῦτα
421 300 780 354 ἀποκατάστασις
811 303 931 346 ἔσται
963 305 1058 345 τῶν
1089 299 1166 345 δύο
1199 299 1379 355 φύσεων
1419 304 1490 344 καὶ
1533 303 1574 345 οἱ
1611 299 1824 356 ἄρχοντες
1856 298 1973 357 οἰκή-

248 383 371 413 σουσι
404 367 458 411 τα
487 368 721 423 κατώτερα
750 371 858 424 μέρη
889 367 1080 413 ἑαυτῶν,
1119 362 1142 410 ὁ
1181 370 1225 410 δὲ
1255 364 1404 422 πατὴρ
1435 365 1491 410 τὰ
1522 363 1742 421 ἀνώτερα,
1775 365 1827 411 τὸ
1858 369 1974 412 ἴδιον

248 431 503 485 ἀπολαβών.
565 432 732 490 ταύτην
763 437 807 477 δὲ
837 437 984 478 πᾶσαν
1014 431 1098 489 τὴν
1127 435 1414 476 διδασκαλίαν
1443 435 1675 486 παρέδωκε
1706 444 1801 483 τοῖς
1832 436 1974 488 τρισὶν

249 496 388 543 αὐτοῦ
418 506 658 555 μαθηταῖς,
701 497 910 549 κελεύσας
954 498 1140 542 ἕκαστον
1172 501 1230 549 εἰς
1271 502 1462 554 κλίματα
1505 494 1689 541 ὁδεύειν·
1737 501 1809 541 καὶ
1840 494 1863 542 ὁ
1894 501 1973 554 μὲν

247 562 396 616 Ἁδδᾶς
426 564 481 608 τὰ
513 568 592 620 τῆς
624 562 848 620 ἀνατολῆς
888 567 997 620 μέρη
1027 565 1198 620 ἔλαχεν.
1243 559 1267 607 ὁ
1305 567 1351 607 δὲ
1384 566 1545 618 Θωμᾶς
1582 561 1667 619 τὴν
1696 562 1861 619 Σύρων
1892 567 1973 621 γῆν

246 628 536 686 κεκλήρωται.
567 627 760 686 Ἑρμείας
790 632 835 673 δὲ
867 628 1004 681 ἄλλος
1034 628 1118 685 τὴν
1149 633 1208 681 εἰς
1238 631 1468 685 Αἴγυπτον
1499 632 1683 683 πορείαν
1714 627 1971 686 ἐποιήσατο·

246 700 314 739 καὶ
352 699 475 751 μέχρι
513 693 702 751 σήμερον
743 697 879 738 ἐκεῖσε
916 697 1203 750 διατρίβουσι,
1246 693 1330 751 τὴν
1372 698 1453 740 τοῦ
1495 691 1715 751 δόγματος
1754 692 1973 740 ὑπόθεσιν

247 765 401 816 στῆσαι
433 764 658 813 θέλοντες.

246 863 364 903 annis
396 878 612 903 numerum
642 879 725 905 non
756 863 893 904 didici.
950 861 1006 902 Et
1041 865 1137 916 post
1166 863 1267 903 haee
1302 863 1509 903 restitutio
1542 863 1618 902 erit
1648 864 1823 904 duorum
1853 863 1974 903 lumi-

246 929 405 969 narium
443 932 482 969 et
512 930 720 982 prinoipes
747 929 994 969 habitabunt
1020 929 1061 968 in
1082 928 1347 969 inferioribus
1368 929 1553 981 partibus
1575 928 1670 975 suis,
1701 931 1816 981 pater
1836 931 1975 969 autem

245 995 287 1034 in
317 995 607 1047 superioribus,
640 1010 744 1048 quae
765 1010 839 1036 sua
861 997 958 1034 sunt
978 995 1189 1047 recipiens
1240 993 1355 1035 Haeo
1376 997 1436 1034 est
1466 995 1598 1035 omnis
1633 995 1819 1034 doctrina
1850 1008 1974 1047 quam

246 1060 416 1101 tradidit
451 1062 582 1101 tribus
619 1061 834 1113 discipulis
871 1061 955 1101 suis
999 1063 1039 1100 et
1079 1061 1200 1100 iussit
1237 1075 1305 1101 eos
1341 1060 1383 1100 in
1419 1062 1501 1099 tres
1532 1059 1676 1100 mundi
1705 1059 1850 1113 plagas
1880 1075 1974 1113 pro-

246 1126 392 1174 ficisci3
424 1140 470 1166 ex
502 1128 651 1179 quibus
681 1127 803 1167 Adda
832 1129 969 1179 partes
999 1127 1169 1167 sortitus
1201 1128 1262 1165 est
1292 1124 1483 1175 Orientis,
1512 1124 1692 1166 Thomas
1722 1140 1818 1167 vero
1848 1125 1972 1179 Syro-

247 1206 336 1232 rum
367 1196 496 1233 terras
528 1194 703 1245 aceepit3
734 1191 910 1232 Hermas
940 1206 1036 1232 vero
1068 1193 1119 1231 ad
1148 1192 1389 1244 Aegyptum
1419 1191 1629 1244 profectus
1661 1195 1737 1241 est3
1774 1195 1814 1232 et
1842 1206 1973 1245 usque

244 1259 286 1298 111
317 1258 562 1299 hodiernum
591 1258 649 1299 ibi
680 1260 838 1311 degunt
868 1258 1074 1311 dogmatis
1104 1258 1226 1297 huius
1257 1260 1390 1310 gratia
1419 1257 1695 1309 praedicandi.

352 1356 451 1397 XIV
483 1356 603 1409 (XII).
646 1356 761 1397 Haeo
803 1372 896 1397 eum
935 1355 1075 1397 Turbo
1124 1356 1311 1406 dixisset,
1360 1356 1624 1397 vehementer
1673 1356 1974 1397 accendebatur

243 1423 488 1468 Archelaus:
521 1422 742 1463 Marcellus
772 1437 869 1463 vero
901 1437 983 1463 non
1014 1421 1267 1471 movebatur,
1299 1423 1422 1461 deum
1454 1425 1673 1474 expectans
1693 1421 1846 1463 auxilio
1868 1423 1973 1462 veri-

243 1488 318 1528 tati
360 1503 456 1529 suae
497 1489 701 1529 futurum:
743 1488 950 1529 Archelao
989 1490 1127 1527 autem
1158 1490 1246 1527 erat
1287 1501 1385 1527 eura
1427 1502 1502 1540 pro
1543 1487 1716 1540 populo,
1759 1491 1973 1540 tamquam

243 1554 397 1606 pastori
429 1569 503 1607 pro
535 1554 699 1604 ovibus,
743 1569 835 1595 eum
876 1554 1069 1607 luporum
1110 1555 1308 1606 parantur
1347 1553 1533 1594 insidiae.
1589 1553 1722 1607 Igitur
1752 1553 1973 1594 Marcellus

245 1618 480 1661 Turbonem
522 1620 762 1660 muneribus
798 1619 987 1672 plurimis
1025 1618 1194 1659 donavit
1231 1621 1270 1659 et
1299 1618 1341 1658 in
1372 1618 1566 1659 Archelai
1596 1621 1764 1660 domum
1796 1619 1973 1660 residere

243 1685 462 1738 praecepit.
519 1685 676 1726 Eadem
718 1688 855 1726 autem
890 1685 981 1738 ipsa
1011 1684 1076 1725 die
1106 1683 1343 1724 adventavit
1374 1683 1542 1733 Manes,
1583 1686 1790 1725 adducens
1831 1699 1972 1725 seeum

244 1751 412 1792 iuvenes
455 1754 494 1791 et
535 1752 715 1804 virgines
758 1752 911 1792 eleetos
954 1752 1006 1790 ad
1040 1750 1190 1803 viginti
1226 1752 1306 1790 duo
1349 1749 1490 1799 simuh
1533 1754 1572 1791 et
1612 1750 1745 1803 primo
1788 1751 1973 1791 omnium

245 1815 479 1858 Turbonem
512 1817 686 1870 requirit
715 1832 789 1869 pro
820 1817 982 1857 foribus
1013 1815 1216 1863 Marcelli,
1254 1830 1377 1869 quem
1415 1829 1508 1856 eum
1537 1831 1620 1857 non
1650 1816 1889 1866 invenisset,
1921 1818 1973 1856 ad

245 1882 488 1923 Marcellum
518 1883 749 1936 ingreditur
779 1883 1055 1924 salutandum.
1113 1882 1203 1930 Quo
1233 1881 1303 1922 ille
1334 1882 1438 1931 viso⁷
1481 1882 1706 1923 admiratus
1743 1885 1804 1923 est
1838 1882 1972 1935 primo

244 1948 411 1989 habitus
452 1949 709 1997 indumenta,
758 1949 937 1989 habebat
976 1948 1086 1989 enim
1126 1948 1385 1988 calciamenti
1427 1959 1571 2001 genus⁷
1615 1949 1727 2001 quod
1766 1948 1973 1989 trisolium

244 2013 371 2067 vulgo
403 2014 603 2066 appellari
633 2014 752 2063 solet;
795 2014 970 2067 pallium
1012 2016 1149 2054 autem
1185 2014 1361 2063 varium,
1401 2015 1615 2066 tamquam
1651 2013 1787 2053 aerina
1821 2014 1972 2066 speeie;

245 2079 287 2119 in
316 2095 442 2120 manu
473 2094 568 2121 vero
600 2080 901 2122 validissimum
934 2079 1127 2120 baculum
1157 2079 1324 2120 tenebat
1355 2093 1402 2119 ex
1432 2079 1547 2132 ligno
1579 2078 1759 2129 ebelino3
1790 2079 1972 2132 Babylo-

244 2146 359 2186 nium
389 2161 485 2187 vero
516 2145 668 2186 librum
698 2145 891 2199 portabat
920 2145 996 2186 sub
1027 2145 1192 2186 sinistra
1213 2145 1294 2190 ala:
1324 2159 1443 2185 crura
1463 2144 1586 2185 etiam
1607 2144 1740 2185 bracis
1761 2146 1974 2187 obtexerat

244 2211 382 2252 colore
412 2212 590 2261 diverso,
622 2226 795 2264 quarum
826 2226 909 2252 una
938 2212 1048 2260 rufa,
1079 2211 1160 2251 alia
1188 2210 1303 2251 velut
1332 2210 1488 2263 prasini
1518 2209 1668 2250 eoloris
1699 2214 1802 2260 erat3
1832 2211 1972 2251 vultus

355 2309 466 2344 ΛΟΜ
487 2310 561 2343 zmd
584 2311 715 2354 Empta.
743 2312 799 2353 (z
824 2310 947 2353 9—15)

356 2400 379 2432 5)
415 2398 687 2433 luminariorum
728 2401 758 2435 O
797 2398 945 2445 φύσεων
977 2398 1210 2442 Epiphanius
1254 2399 1257 2441 Ι
1304 2399 1351 2432 11
1386 2398 1424 2432 in
1455 2397 1695 2442 superioribus
1720 2403 1762 2434 <
1787 2397 1832 2430 Μ
1870 2398 1874 2438 Ι
1919 2408 1971 2431 re-

244 2452 351 2496 cipies
388 2454 420 2486 A
457 2455 634 2499 accipiens
671 2455 715 2488 Μ
753 2456 757 2499 Ι
802 2466 925 2489 omnes
961 2456 993 2488 Α
1037 2455 1041 2497 Ι
1087 2454 1135 2489 12
1170 2454 1255 2498 tres]
1292 2453 1377 2496 fehlt
1412 2454 1467 2487 bei
1502 2452 1734 2497 Epiphanius
1779 2453 1783 2495 Ι
1841 2453 1890 2487 13
1928 2464 1971 2487 ex

245 2508 385 2552 quibus]
409 2509 496 2551 fehlt
520 2510 574 2543 bei
598 2511 830 2554 Epiphanius
874 2514 878 2550 Ι
922 2511 1024 2555 parte
1049 2511 1081 2543 A
1124 2510 1129 2552 Ι
1176 2509 1303 2551 13114
1340 2510 1496 2543 Thomas
1522 2538 1527 2543 .
1554 2535 1561 2542 .
1588 2508 1726 2552 aceepit
1759 2514 1802 2545 <
1838 2508 1879 2550 O,
1911 2519 1972 2541 am

243 2564 367 2597 Ranae
403 2565 544 2599 thomas
576 2567 715 2600 (thoma
745 2567 793 2599 ist
816 2565 1118 2608 ‘lsefsqeselmiiten)
1151 2576 1315 2608 syrorum
1347 2567 1383 2608 (y
1406 2577 1438 2599 α.
1464 2565 1564 2600 Bas.)
1601 2565 1721 2608 partes
1752 2564 1894 2607 accepit
1923 2564 1972 2598 02

245 2619 247 2661 Ι
291 2620 339 2654 13
365 2631 447 2654 vero
474 2628 515 2658 <
545 2621 616 2655 CM
654 2622 658 2663 Ι
704 2621 792 2654 maele
820 2633 981 2665 syrorum
1007 2632 1025 2655 e
1046 2621 1268 2664 yesclzrz’elmn
1294 2621 1370 2654 und
1391 2620 1659 2654 dzcrelzstre‘clcen
1686 2620 1718 2652 A
1751 2620 1756 2662 Ι
1791 2619 1840 2653 14
1868 2620 1904 2653 et
1929 2627 1971 2657 <

243 2675 289 2708 Μ
327 2676 330 2718 Ι
378 2676 421 2710 17
458 2676 515 2710 dei
541 2679 705 2721 spectans
730 2676 773 2709 Μ
811 2678 816 2720 Ι
860 2677 1035 2710 auxilium
1077 2677 1106 2711 O
1146 2679 1149 2719 Ι
1193 2676 1357 2710 ueritatis
1395 2677 1427 2709 A
1473 2677 1476 2719 Ι
1522 2676 1571 2710 18
1608 2675 1739 2718 autem]
1771 2685 1855 2709 vero
1887 2675 1931 2708 M
1967 2677 1970 2718 Ι

245 2731 296 2765 20
329 2731 489 2765 domauit
515 2734 545 2764 A
583 2732 735 2776 repleuit
763 2732 793 2766 G
833 2734 837 2775 Ι
883 2732 974 2766 nach
1012 2731 1170 2766 archelai
1195 2736 1237 2772 -Ι-
1262 2731 1419 2777 episcopi
1448 2732 1477 2765 C
1517 2732 1520 2773 Ι
1564 2730 1670 2765 domo
1707 2729 1752 2763 M
1790 2730 1795 2773 Ι
1840 2731 1887 2765 21
1927 2730 1972 2764 de

245 2786 403 2820 aduentu
438 2787 584 2820 manitis
615 2791 695 2831 (sot)
722 2788 766 2821 Μ
804 2790 808 2831 Ι
853 2799 1002 2822 manens
1028 2787 1059 2821 A
1105 2788 1109 2830 Ι
1154 2788 1204 2822 22
1242 2787 1350 2821 simul
1379 2787 1449 2821 duo
1476 2787 1520 2820 Μ
1538 2800 1583 2817 Ν
1608 2786 1651 2819 Μ
1658 2789 1671 2810 2
1713 2787 1717 2829 Ι
1765 2786 1816 2820 23
1852 2785 1969 2830 requi-

244 2842 347 2875 rebat
381 2842 411 2876 O
451 2843 454 2885 Ι
498 2843 591 2876 vach
614 2843 809 2878 invenisset
834 2848 875 2883 -Ι-
904 2844 940 2877 et
965 2843 997 2876 A
1041 2846 1046 2886 Ι
1091 2843 1142 2878 24
1168 2843 1359 2877 salutando
1384 2843 1417 2874 A
1449 2844 1454 2885 Ι
1492 2842 1541 2877 25
1568 2841 1772 2885 quadrisole
1789 2841 1819 2875 O
1838 2840 1970 2875 tresole

244 2897 289 2930 ΑῚΙ
326 2898 331 2939 Ι
376 2898 426 2931 26
460 2897 619 2942 palleum
644 2899 688 2931 Μ
726 2900 729 2942 Ι
774 2899 907 2942 autem]
932 2910 1017 2933 uero
1042 2899 1075 2932 A
1115 2899 1118 2941 Ι
1159 2897 1313 2942 speciem
1345 2897 1371 2930 A
1406 2898 1410 2940 Ι
1446 2898 1491 2932 27
1522 2908 1649 2931 manus
1674 2897 1706 2930 A
1740 2897 1744 2940 Ι
1777 2896 1911 2931 ebilino
1936 2897 1968 2929 A

246 2952 247 2994 Ι
300 2952 350 2988 28
376 2953 468 2987 libro
495 2954 521 2986 A
571 2955 574 2997 Ι
620 2965 743 2988 cruera
768 2956 799 2988 A
845 2957 848 2997 Ι
898 2954 1057 2988 brachiis
1085 2956 1117 2988 A

2000 870 2023 905 3

2000 997 2024 1031 4

1999 1691 2021 1724 [θ

1999 1892 2022 1927 3
