2164 3406
169 528 188 561 Οἱ

146 858 188 891 10

143 1188 188 1221 15

824 141 917 175 Acta
941 140 1113 175 Archelai
1138 140 1347 175 xlm—XV.
1904 144 1954 183 23

211 267 310 294 vero
340 254 387 291 ut-
417 251 526 293 senis
556 252 707 293 Persae
742 251 912 294 artificis
945 256 985 293 et
1014 252 1221 294 bellorum
1252 252 1368 293 ducis
1399 251 1626 293 videbatur.
1684 251 1817 305 Igitur
1846 253 1954 293 Mar—
1982 258 2003 292 4

215 317 343 359 cellus
385 319 527 359 statim
569 321 621 359 ad
663 318 916 361 Archelaum
958 319 1102 369 mittit,
1152 319 1224 372 qui
1267 334 1360 360 cum
1402 320 1528 360 verbo
1579 318 1701 359 citius
1743 318 1956 369 adfuisset,

214 384 355 425 invehi
384 383 427 424 in
457 399 550 425 eum
582 384 720 426 animo
750 386 980 439 urgebatur
1001 399 1048 425 ex
1077 386 1168 439 ipso
1200 385 1344 426 habitu
1366 399 1413 425 ac
1433 385 1566 438 specie
1589 385 1686 433 eius,
1718 388 1757 424 et
1777 384 1955 425 maxime

215 451 383 504 quidem
421 453 532 504 quod
570 453 610 491 et
647 465 752 505 quae
783 450 977 493 Turbone
1013 451 1217 492 referente
1248 454 1518 505 cognoverat,
1560 450 1757 492 secretius
1798 450 1955 492 factum

214 518 323 570 apud
354 520 484 558 semet
503 518 641 570 ipsum
671 520 967 559 retractaverat
997 520 1038 559 et
1068 518 1291 571 diligenter
1320 521 1589 571 praeparatus
1619 519 1851 558 advenerat.
1900 517 1957 558 At

213 598 310 625 vero
363 583 709 636 prudentissimus
763 583 1005 635 Marcellus,
1063 584 1178 625 omni
1226 585 1542 625 contentionum
1592 584 1730 625 studio
1779 583 1956 633 sublato⁷

212 653 437 703 utrumque
479 650 622 691 audire
653 650 853 702 decernit,
896 650 1080 692 invitatis
1118 650 1219 692 viris
1248 651 1456 704 primariis
1485 650 1682 700 civitatis;
1725 665 1774 691 ex
1804 649 1956 703 quibus

212 717 370 758 iudices
402 716 544 770 elegit,
585 715 788 770 religione
820 716 1014 769 gentiles,
1048 720 1247 770 quattuor
1275 732 1465 769 numero,
1509 731 1687 770 quorum
1729 717 1831 758 haec
1861 719 1957 757 sunt

213 783 399 824 nomina:
436 782 662 836 Manippus
692 784 987 835 grammaticae
1018 783 1118 823 artis
1150 786 1190 824 et
1220 783 1464 836 disciplinae
1495 783 1727 824 rhetoricae
1756 783 1955 837 peritissi-

214 864 317 899 mus,
348 848 573 902 Aegialeus
604 848 809 889 archiater
830 848 1115 890 nobilissimus
1148 852 1187 889 et
1216 849 1366 890 litteris
1398 849 1582 903 adprime
1605 850 1803 899 eruditus,
1835 849 1956 891 Clau-

215 915 307 956 dius
352 918 391 956 et
422 914 644 956 Cleobolus
688 917 769 955 duo
812 915 961 955 fratres
1005 915 1163 968 egregii
1203 916 1400 957 rhetores.
1460 915 1528 956 Fit
1569 928 1667 969 ergo
1709 916 1957 969 magnificus

215 984 453 1031 conventus,
481 981 539 1022 ita
568 984 615 1022 ut
646 983 792 1022 domus
823 979 1025 1031 Marcelli,
1057 995 1163 1035 quae
1195 984 1282 1022 erat
1310 982 1510 1031 inmensa,
1552 982 1781 1035 repleretur
1811 996 1860 1022 ex
1892 981 1956 1021 his

215 1048 288 1101 qui
317 1049 369 1087 ad
399 1048 652 1088 audiendum
682 1047 849 1088 fuerant
879 1047 1112 1097 convocati3
1144 1051 1184 1088 et
1215 1063 1309 1089 cum
1338 1049 1380 1088 in
1404 1050 1630 1101 conspectu
1652 1047 1838 1089 omnium
1861 1061 1957 1088 con—

213 1113 417 1154 stitissent
445 1113 476 1154 ii
506 1114 579 1168 qui
609 1115 829 1154 adversum
859 1128 902 1154 se
933 1114 1069 1155 dicere
1099 1116 1405 1168 proponebant,
1441 1118 1531 1155 tum
1558 1114 1621 1154 illi
1652 1113 1773 1155 electi
1799 1113 1957 1154 iudices

214 1179 459 1221 excelsiores
490 1180 683 1222 omnibus
715 1181 991 1221 consederunt
1020 1183 1145 1234 atque
1168 1180 1290 1222 Mane
1321 1181 1486 1222 dicendi
1514 1180 1681 1221 initium
1708 1182 1851 1221 datum
1885 1183 1956 1220 est.

214 1245 389 1288 Silentio
419 1246 550 1300 igitur
580 1246 691 1287 facto
722 1246 916 1300 plurimo,
947 1248 1168 1301 adgressus
1201 1250 1263 1288 est
1292 1248 1371 1289 hoc
1402 1248 1538 1288 modo.

323 1311 401 1353 XV
432 1312 577 1364 (XIII).
630 1313 740 1367 Ego,
769 1313 847 1354 viri
877 1313 1044 1361 fratres,
1077 1312 1232 1355 Christi
1263 1315 1429 1368 quidem
1465 1328 1556 1355 sum
1587 1312 1828 1366 discipulus,
1859 1327 1957 1366 apo—

214 1378 345 1420 stolus
376 1393 473 1420 vero
504 1378 614 1420 Iesu:
645 1394 719 1432 pro
750 1380 879 1420 nimia
910 1383 1050 1421 autem
1080 1380 1339 1421 humanitate
1359 1379 1550 1421 Marcelli
1580 1381 1723 1421 adesse
1754 1378 1957 1428 festinavi,

213 1448 261 1486 ut
291 1444 470 1499 qualiter
499 1448 692 1498 oporteat
721 1447 941 1488 observare
971 1449 1142 1488 modum
1174 1447 1337 1487 divinae
1368 1446 1584 1500 religionis
1616 1461 1711 1487 eum
1742 1447 1956 1495 edoceam3

214 1526 265 1552 ne
295 1511 403 1552 sicut
432 1514 548 1552 muta
579 1512 793 1563 animalia,
837 1527 943 1566 quae
971 1513 1189 1554 intellectu
1220 1517 1360 1554 carent
1403 1528 1480 1554 nec
1511 1514 1624 1567 quod
1654 1514 1786 1564 agunt
1814 1513 1958 1551 adver-

213 1580 325 1628 tunt,
360 1578 418 1618 ita
455 1578 579 1618 etiam
607 1577 849 1629 Marcellus,
892 1579 964 1633 qui
994 1594 1105 1620 nunc
1140 1594 1183 1620 se
1213 1579 1326 1620 velut
1356 1579 1599 1620 dediticium
1636 1577 1850 1619 doctrinae
1879 1576 1958 1616 Ar-

214 1643 347 1685 chelai
375 1644 626 1697 subiugavit,
657 1646 709 1684 ad
729 1645 927 1686 ultimum
958 1647 1110 1687 damno
1132 1646 1294 1686 animae
1314 1646 1498 1697 feriatur,
1530 1660 1623 1686 cum
1652 1644 1958 1698 praeparandae

213 1710 345 1751 divini
376 1709 511 1752 cultus
548 1711 836 1753 observantiae
877 1711 987 1752 ultra
1027 1727 1114 1753 non
1149 1712 1342 1752 habuerit
1380 1712 1632 1753 facultatem.
1693 1710 1788 1751 Scio
1819 1712 1958 1750 autem

213 1780 253 1817 et
284 1780 420 1818 certus
450 1791 543 1818 sum
575 1779 704 1831 quod,
747 1780 965 1820 emendato
998 1777 1214 1829 Marcello,
1257 1779 1381 1820 etiam
1423 1792 1496 1819 vos
1538 1792 1680 1819 omnes
1724 1776 1829 1817 salvi
1870 1790 1958 1816 esse

169 1854 185 1872 ⁷
212 1844 420 1896 poteritis;
453 1844 585 1897 ipsius
616 1844 726 1885 enim
755 1844 911 1886 iudicio
942 1859 1144 1898 suspensa
1172 1847 1327 1898 pendet
1361 1844 1460 1886 urbs
1491 1847 1644 1885 vestra:
1688 1844 1801 1896 quod
1841 1842 1877 1882 si
1906 1842 1957 1882 ab

325 1943 358 1976 A
383 1943 451 1988 (bis
477 1944 532 1985 17)
563 1943 637 1977 OM

328 2021 348 2056 1
380 2022 479 2066 vero]
505 2023 583 2056 erat
612 2022 643 2056 Ο
682 2022 686 2065 Ι
732 2021 755 2056 3
791 2020 914 2055 invehi
941 2050 947 2056 .
976 2047 983 2055 .
1008 2022 1219 2067 urgebatur]
1250 2022 1375 2057 inuehi
1399 2023 1437 2056 in
1463 2034 1503 2057 eo
1531 2022 1651 2057 animo
1676 2021 1901 2066 urguebatur
1925 2021 1956 2053 A

212 2077 354 2111 inuenit
380 2089 460 2112 eum
487 2077 608 2112 animo
633 2077 671 2111 in
697 2076 949 2122 superioribus.
969 2076 1235 2122 Vrgebaturfll
1274 2079 1277 2123 Ι
1323 2079 1377 2123 ae]
1403 2079 1450 2113 ad
1475 2078 1508 2112 A
1553 2080 1556 2121 Ι
1601 2078 1625 2113 4
1653 2077 1798 2122 quidem
1823 2083 1866 2114 <
1890 2077 1923 2110 A
1953 2076 1956 2119 Ι

212 2133 319 2177 quae]
345 2144 414 2177 que
437 2144 486 2167 cm
511 2145 603 2178 quae
627 2133 741 2167 durch
765 2133 963 2177 iiberyeselc.
991 2146 1012 2168 a
1036 2135 1175 2169 eoronA
1208 2135 1213 2178 Ι
1250 2136 1267 2170 7
1297 2135 1459 2169 audiriA
1493 2136 1498 2179 Ι
1531 2134 1648 2169 cernit
1676 2134 1706 2168 Ο
1735 2134 1739 2177 Ι
1779 2132 1957 2177 inuitatis]

212 2189 330 2223 inuita
353 2200 421 2223 aas
445 2189 570 2224 inuitis
595 2200 687 2224 corr.
706 2190 756 2224 02
776 2189 781 2234 Ι
801 2190 889 2224 uiris
908 2190 1010 2228 <M
1024 2191 1029 2233 Ι
1052 2190 1075 2226 8
1100 2191 1249 2225 nomina
1273 2191 1434 2226 iudicum
1460 2192 1541 2235 (rot)
1556 2190 1600 2224 M
1633 2191 1636 2234 Ι
1670 2189 1846 2234 religione
1870 2200 1956 2233 gen-

210 2245 294 2280 tiles
318 2258 364 2276 ω
388 2246 421 2280 A
454 2247 458 2289 Ι
493 2245 515 2280 9
542 2245 703 2290 nomina]
728 2257 796 2280 aus
822 2246 945 2281 omnia
970 2258 1059 2281 corr.
1093 2247 1142 2281 Οἳ
1185 2248 1189 2291 Ι
1233 2247 1424 2292 menippus
1453 2246 1532 2289 GM,
1559 2247 1621 2289 Wl-
1636 2247 1665 2289 1,
1682 2247 1706 2279 3
1738 2247 1742 2289 Ι
1776 2256 1956 2290 gramma-

211 2301 309 2336 ticae
333 2301 434 2346 artis]
461 2302 723 2346 grammaticus
748 2303 781 2335 A
814 2302 818 2346 Ι
851 2302 945 2337 vach
969 2303 1173 2337 rhetorica-e
1198 2308 1239 2343 -Ι-
1266 2303 1353 2337 artis
1379 2304 1411 2337 A
1445 2307 1448 2347 Ι
1483 2303 1575 2337 nacla
1599 2302 1836 2348 peritissimus
1862 2306 1903 2341 -Ι-
1922 2302 1957 2335 et

212 2360 244 2392 A
267 2359 271 2400 Ι
295 2359 345 2393 10
371 2358 541 2393 elzialeos
566 2358 614 2401 ill,
641 2358 709 2402 vyl.
725 2359 751 2402 1,
767 2360 790 2392 4
823 2360 827 2400 Ι
849 2359 1014 2393 eruditur
1038 2359 1070 2393 A
1103 2360 1107 2401 Ι
1143 2359 1190 2393 11
1219 2359 1411 2393 cleobusA
1434 2360 1437 2403 Ι
1461 2360 1523 2401 ml.
1541 2359 1775 2403 Epiphanius
1794 2358 1955 2402 Gap.10:

213 2412 265 2455 εἷς
289 2416 355 2458 τὴν
382 2413 505 2450 αὐτῶν
530 2412 730 2460 ἀντιβολὴν
754 2419 822 2450 τοῦ
847 2415 1057 2459 ζητήματος
1083 2412 1329 2460 (dyrmetum-oc
1355 2413 1452 2458 ὁμοῖ·
1477 2414 1617 2462 κριτάς,
1643 2413 1848 2459 Μάρσιπόν
1873 2426 1956 2448 τινα

212 2469 389 2514 ὀνόματι,
425 2471 488 2505 καὶ
513 2469 701 2506 Κλαύδιον
743 2472 807 2505 καὶ
833 2469 1016 2516 Αἰγιαλέα
1041 2472 1105 2506 καὶ
1130 2471 1381 2518 Ιὶλεὺβοι·λον,
1418 2471 1484 2506 τὸν
1507 2471 1575 2513 μὲν
1600 2475 1676 2505 τῶν
1701 2468 1808 2511 ἐκτὸς
1831 2470 1955 2515 λόγων

213 2526 438 2570 φιλόσοφον,
455 2528 520 2562 τὸν
538 2525 576 2562 δὲ
601 2525 904 2573 ἷατροσοφιστὴν,
923 2528 988 2563 τὸν
1005 2525 1044 2562 δὲ
1063 2526 1170 2572 φύσει
1188 2528 1452 2572 γραμματικὸν
1476 2528 1540 2562 καὶ
1560 2527 1624 2563 τὸν
1641 2523 1756 2562 ἄλλον
1775 2527 1954 2570 σοφιστήν

214 2584 215 2624 Ι
260 2583 308 2618 12
339 2583 500 2628 repletur
528 2584 557 2618 C
598 2584 602 2626 1
650 2584 698 2618 13
723 2583 847 2617 uocati
876 2584 906 2618 Ο
934 2585 939 2625 Ι
974 2583 1024 2618 14
1049 2583 1102 2617 hii
1127 2583 1197 2617 AC
1217 2583 1255 2617 hi
1281 2583 1325 2616 M
1353 2585 1357 2625 Ι
1391 2583 1562 2618 aduersus
1587 2584 1619 2616 A
1652 2584 1655 2626 Ι
1689 2582 1953 2628 proponebant]

209 2639 277 2673 clas
297 2639 692 2681 letsxtensiibeaessrsesel2.A
726 2641 730 2682 Ι
762 2640 897 2674 tuncA
931 2641 935 2684 Ι
970 2640 1018 2675 15
1040 2641 1150 2684 atque
1167 2650 1273 2673 mane
1299 2639 1455 2684 dicendi]
1483 2640 1528 2674 ad
1554 2651 1661 2683 quem
1686 2650 1792 2673 amen
1811 2638 1954 2672 dicendi

212 2696 245 2729 A
271 2696 381 2739 atque
405 2707 537 2730 manne
562 2695 707 2731 dicendi
735 2697 765 2731 G
798 2697 908 2740 atque
939 2696 1076 2730 maneti
1103 2696 1158 2738 M3
1184 2696 1240 2729 cliv
1266 2695 1376 2729 Form
1400 2696 1459 2729 des
1485 2695 1614 2729 Datz'vs
1639 2695 1695 2728 bez?
1718 2694 1953 2738 Epiphanius·

214 2752 260 2784 ist
285 2749 400 2794 Μάνῃ
433 2753 436 2794 Ι
484 2752 532 2787 16
557 2752 754 2796 plurimum
780 2753 811 2784 A
836 2751 993 2797 plurima
1022 2752 1051 2787 O
1087 2753 1090 2795 Ι
1127 2753 1197 2786 hoc
1222 2758 1264 2789 <
1290 2754 1322 2786 A
1349 2752 1354 2795 Ι
1383 2752 1474 2786 nach
1499 2752 1606 2786 modo
1631 2752 1717 2794 folffl‘
1741 2750 1951 2785 EXPL.T.

213 2807 277 2840 clas
302 2807 367 2841 das
384 2807 484 2841 Encle
507 2807 567 2842 cles
584 2812 697 2842 ersten
714 2809 883 2851 Ausxufss
909 2819 977 2842 aas
997 2808 1064 2842 den
1078 2809 1169 2842 Acta.
1186 2808 1383 2842 beaeiclmoet
1397 2809 1429 2841 A
1463 2812 1466 2850 Ι
1503 2808 1548 2842 17
1566 2807 1702 2841 locutio
1721 2806 1907 2841 maledicti
1933 2818 1953 2840 a

213 2862 279 2896 deo
305 2863 459 2897 manetis
491 2864 570 2908 (rot)
596 2864 641 2897 M
678 2866 682 2907 Ι
727 2876 806 2898 sum
830 2871 872 2902 <
899 2864 942 2897 M
982 2865 986 2908 Ι
1031 2865 1081 2899 19
1106 2864 1199 2901 vach
1225 2866 1389 2909 oporteat
1418 2869 1459 2904 -Ι-
1485 2875 1566 2898 eum
1591 2863 1636 2896 ,U
1662 2864 1667 2906 Ι
1703 2874 1784 2896 eum
1810 2869 1851 2899 <
1876 2862 1921 2895 M
1948 2862 1951 2905 Ι

213 2918 262 2952 21
300 2918 403 2952 uelut
428 2919 638 2954 dediticium
663 2931 699 2954 se
726 2921 770 2953 M
789 2932 879 2954 corr.
906 2920 967 2953 ΜΞ
1008 2920 1011 2963 Ι
1050 2921 1100 2955 ‘22
1127 2920 1327 2965 repar-ande
1352 2920 1397 2953 ill
1435 2920 1438 2962 Ι
1485 2919 1535 2954 25
1563 2918 1652 2952 nach
1680 2919 1709 2952 si
1735 2924 1775 2959 -Ι-
1801 2930 1886 2963 ergo
1913 2918 1957 2952 M

1984 926 2006 957 (5

1985 1713 2007 1747 2
