2164 3406
243 184 265 219 4
985 168 1226 214 Hegemonius

243 286 325 327 Sed
353 286 416 327 his
448 284 636 326 omnibus
667 282 823 324 maiora
854 280 1014 321 addidit
1041 279 1263 321 Marcellus
1292 278 1459 332 pietatis
1490 276 1646 324 officia;
1677 290 1770 317 cum
1790 275 1969 327 plurima
1995 282 2018 316 4

244 366 421 405 namque
450 365 619 391 suorum
654 364 779 390 manu
807 360 1050 401 progressus
1087 348 1148 386 est
1179 347 1231 385 ad
1260 343 1496 396 sepelienda
1537 355 1710 395 corpora
1745 342 1788 382 in
1823 342 1969 382 itinere

243 419 550 471 peremptorum
598 418 637 455 et
673 415 812 455 omnia
850 425 1135 467 quaecumque
1171 411 1353 451 invenire
1387 409 1540 461 potuit⁷
1576 411 1623 447 ut
1658 406 1831 460 dignum
1872 410 1969 456 erat,

243 482 411 524 tradidit
451 481 701 534 sepulturae:
745 493 826 533 quo
863 491 1033 518 munere
1073 476 1250 528 inpleto,
1287 489 1449 516 rursum
1485 476 1537 513 ad
1568 473 1814 515 Carcharam
1848 473 1971 514 rediit

199 556 218 583 T»
245 551 368 601 atque
410 547 554 588 exinde
591 548 829 598 recuperata
867 543 1042 585 sanitate
1072 541 1310 582 vulneratos
1352 543 1404 580 ad
1444 540 1621 592 patriam
1661 553 1840 579 remeare
1880 553 1970 591 per-

181 1210 222 1242 15

182 1530 224 1563 241

244 614 381 663 mittit⁷
411 611 642 665 largissimo
674 613 726 650 ad
752 610 831 650 iter
860 608 1010 649 viatico
1041 609 1296 660 praeparato.
1344 606 1402 646 At
1421 619 1517 645 vero
1548 604 1649 644 facti
1678 604 1800 644 liuius
1831 604 1970 657 opinio
1999 609 2020 643 5

245 682 296 719 ad
336 678 493 731 reliqua
524 676 710 716 Marcelli
745 675 849 715 bene
886 676 1001 727 gesta
1030 673 1264 712 inmensum
1295 671 1507 711 cumulum
1537 669 1729 718 contulit;
1771 684 1844 722 per
1882 669 1971 709 uni-

244 758 402 785 versam
433 743 542 784 enim
570 741 781 794 regionem
811 740 927 780 illam
956 739 1103 791 ingens
1139 738 1250 777 fama
1281 736 1473 777 discurrit
1511 737 1559 775 de
1588 736 1741 788 pietate
1771 735 1970 784 Marcelli⁷

244 810 301 850 ita
340 812 387 850 ut
415 807 584 861 plurimi
619 821 667 847 ex
697 806 868 847 diversis
896 804 1068 846 urbibus
1102 803 1269 843 videndi
1307 805 1430 855 atque
1472 800 1722 855 agnoscendi
1750 800 1828 840 viri
1858 800 1971 853 cupi-

246 875 371 915 ditate
402 874 638 927 flagrarent,
685 874 725 912 et
760 872 938 912 maxime
967 870 1011 910 hi
1042 869 1192 923 quibus
1233 868 1339 908 ferre
1368 867 1584 920 penuriam
1625 879 1723 906 usus
1765 868 1859 906 ante
1888 880 1972 907 non

246 941 394 991 fuerat,
432 939 582 993 quibus
620 937 810 979 omnibus
848 936 909 977 vir
943 935 1134 989 egregius
1170 932 1532 986 indulgentissime
1561 931 1835 980 ministrabat,
1864 930 1972 971 Mar-

248 1004 342 1045 celli
370 1005 519 1045 veteris
549 1003 732 1044 imitatus
772 1002 975 1056 exempla,
1015 1001 1075 1041 ita
1114 1002 1162 1041 ut
1198 1013 1338 1040 omnes
1375 998 1557 1039 dicerent
1585 999 1664 1038 hoc
1693 996 1780 1038 viro
1811 996 1972 1037 nullum

246 1071 398 1123 pietate
435 1069 788 1122 praestantiorem.
846 1067 928 1108 Sed
963 1069 1003 1106 et
1039 1067 1186 1107 viduae
1227 1065 1442 1105 universae
1477 1064 1519 1103 in
1557 1063 1723 1104 domino
1762 1064 1972 1103 credentes
2000 1068 2023 1102 6

247 1138 298 1176 ad
329 1150 422 1176 eum
453 1136 766 1183 concurrebant3
796 1132 1006 1174 inbeccilli
1035 1146 1200 1185 quoque
1230 1130 1431 1172 auxilium
1460 1129 1538 1170 sibi
1559 1130 1608 1169 de
1629 1143 1676 1170 eo
1699 1127 1974 1169 certissimum

247 1201 563 1255 praesumebant
604 1214 678 1241 nec
721 1213 804 1239 non
847 1202 886 1238 et
928 1197 1101 1251 orphani
1143 1211 1284 1238 omnes
1326 1197 1376 1236 ab
1418 1195 1507 1247 ipso
1552 1194 1851 1234 nutriebantur.
1919 1192 1975 1233 Et

249 1267 348 1321 quid
388 1266 563 1320 amplius
606 1266 767 1306 dicam?
816 1264 991 1304 Amator
1030 1277 1259 1316 pauperum
1295 1260 1515 1301 Marcellus
1557 1259 1872 1312 cognominatus
1915 1262 1975 1298 est

249 1335 478 1385 domusque
515 1332 600 1372 eius
630 1331 945 1384 peregrinorum
982 1332 1022 1369 et
1056 1342 1286 1381 pauperum
1326 1325 1554 1378 hospitium
1585 1325 1811 1373 dicebatur3
1853 1338 1976 1376 super

249 1398 387 1440 omnia
416 1412 512 1438 vero
543 1397 640 1437 fidei
670 1411 809 1436 curam
840 1395 1005 1448 egregie
1036 1409 1084 1435 ac
1113 1392 1379 1446 singulariter
1408 1390 1623 1440 retinebat,
1654 1390 1876 1430 aedificans
1905 1403 1975 1430 cor

249 1478 368 1504 suum
399 1477 521 1516 super
549 1461 789 1503 inmobilem
819 1464 988 1514 petram.

356 1528 426 1570 IV.
456 1527 590 1581 Igitur
619 1542 713 1568 cum
743 1527 913 1568 diversis
942 1526 986 1566 in
1015 1525 1117 1567 locis
1149 1527 1198 1565 de
1230 1538 1276 1565 eo
1306 1524 1416 1563 fama
1446 1521 1683 1574 saepissime
1704 1521 1975 1574 spargeretur,

250 1595 372 1636 etiam
402 1594 578 1647 Stranga
608 1593 735 1634 fluvio
766 1595 969 1645 superato,
1002 1591 1220 1632 Persarum
1249 1590 1291 1629 in
1323 1588 1492 1640 regione
1523 1601 1616 1627 eum
1645 1586 1817 1639 pertulit
1847 1585 1975 1626 admi-

248 1662 422 1701 randum
452 1659 495 1699 in
526 1673 607 1712 qua
637 1659 928 1700 demorabatur
946 1658 1088 1698 Manes
1120 1655 1299 1709 quidam,
1330 1654 1402 1707 qui
1432 1655 1483 1693 ad
1513 1667 1554 1693 se
1583 1650 1870 1692 huiuscemodi
1898 1651 1976 1691 viri

249 1726 440 1779 opinione
476 1725 652 1777 perlata,
694 1724 919 1777 plurimum
947 1724 1039 1776 ipse
1080 1735 1218 1762 secum
1258 1719 1450 1761 volvebat
1493 1719 1842 1771 quemadmodum
1883 1730 1975 1757 eum

250 1792 458 1833 doctrinae
489 1805 585 1831 suae
614 1793 756 1843 posset
784 1789 944 1842 laqueis
974 1787 1152 1836 inretire,
1183 1800 1351 1839 sperans
1382 1786 1636 1826 adsertorem
1673 1782 1879 1835 dogmatis
1912 1782 1975 1822 sui

249 1856 339 1897 fieri
367 1870 488 1909 posse
517 1855 770 1896 Marcellum.
827 1854 1123 1895 Praesumebat
1154 1853 1262 1892 enim
1292 1851 1524 1891 universam
1555 1864 1597 1890 se
1617 1862 1739 1901 posse
1770 1861 1972 1900 occupare
2000 1851 2022 1884 2

249 1922 519 1976 provinciam,
562 1921 595 1961 si
636 1920 749 1973 prius
791 1920 916 1960 talem
956 1919 1090 1960 virum
1132 1917 1297 1958 sibimet
1338 1917 1510 1957 subdere
1547 1914 1767 1967 potuisset3
1806 1914 1851 1954 in
1892 1926 1973 1966 quo

362 2022 395 2054 ,1
420 2021 497 2064 (von
524 2021 567 2053 ΞΗ
591 2021 652 2062 (112)
683 2019 754 2053 CM

361 2087 385 2122 4
410 2099 549 2121 rursum
573 2092 615 2122 <
646 2086 675 2120 O
713 2086 718 2127 Ι
763 2086 927 2119 charram
957 2083 987 2118 O
1014 2094 1196 2117 carcaram
1221 2082 1264 2115 M
1304 2082 1307 2124 Ι
1351 2081 1371 2115 6
1408 2080 1455 2125 at]
1482 2081 1527 2114 ad
1558 2080 1592 2120 ζ’,
1629 2080 1692 2113 [las
1726 2078 1748 2112 d
1780 2078 1827 2112 ist
1853 2077 1977 2119 ssetilsst

253 2143 325 2175 mad
348 2144 364 2176 t
387 2142 436 2176 ist
461 2142 655 2184 iibmysesclt.
683 2153 744 2174 rme
777 2141 825 2175 02
868 2142 871 2183 Ι
916 2139 939 2176 8
971 2139 1067 2174 enim
1092 2146 1132 2175 <
1158 2137 1197 2171 Μ
1240 2138 1243 2180 Ι
1288 2138 1311 2171 9
1349 2136 1403 2180 ex]
1431 2136 1474 2170 de
1500 2136 1543 2169 ΠΙ
1581 2138 1585 2180 Ι
1631 2133 1871 2179 cognoscendi
1901 2133 1931 2167 O
1973 2132 1976 2175 Ι

254 2199 302 2233 10
328 2198 527 2243 fraglarent
550 2198 593 2231 Μ
633 2198 636 2240 Ι
682 2198 718 2231 et
742 2203 784 2233 <
809 2196 853 2229 M
880 2197 883 2237 Ι
916 2195 967 2228 hii
993 2194 1172 2238 (meeimal
1196 2204 1296 2233 corr.7
1321 2193 1385 2225 das
1411 2193 1434 2226 h
1458 2192 1507 2225 «ist
1530 2190 1797 2225 (barense-selaeu
1822 2189 1898 2223 und
1914 2188 1978 2221 das

251 2254 370 2287 mscc'z‘e
394 2253 407 2286 i
430 2253 580 2294 ‘radiati
611 2254 639 2283 (Ὗ
672 2252 726 2285 his
748 2252 789 2285 M
832 2252 837 2294 Ι
883 2252 929 2285 11
957 2250 1088 2293 fuerat]
1117 2261 1164 2283 χῖ(
1191 2249 1335 2283 fuerant
1363 2248 1472 2281 ‹lm-elz
1501 2247 1694 2289 [ilpersscescle.
1718 2258 1741 2279 n
1767 2257 1856 2280 corr.
1887 2244 1934 2279 02
1974 2244 1977 2285 Ι

255 2309 303 2343 13
338 2310 519 2352 praestare
544 2308 587 2340 M
625 2310 630 2351 Ι
676 2308 725 2343 14
762 2307 853 2342 nacla
884 2305 1145 2341 concurrebant
1169 2309 1210 2345 -Ι-
1242 2315 1323 2338 cum
1352 2303 1381 2337 Ο
1419 2304 1425 2346 1
1469 2314 1511 2337 ex
1537 2314 1577 2337 eo
1604 2302 1671 2336 sibi
1701 2300 1872 2336 auxilium
1903 2299 1932 2334 O
1974 2300 1977 2341 Ι

256 2364 369 2405 15s16
395 2365 430 2396 et
455 2363 541 2406 quid
567 2363 721 2407 amplius
747 2391 753 2398 .
781 2391 787 2397 .
815 2390 819 2395 .
848 2361 1124 2406 cognominatus
1149 2362 1204 2395 est
1227 2366 1269 2397 <
1301 2360 1329 2394 C
1358 2361 1362 2403 Ι
1398 2359 1441 2394 17
1468 2359 1680 2393 dicebantur
1709 2357 1738 2392 G
1765 2357 1770 2400 Ι
1811 2356 1860 2391 18
1884 2355 1976 2388 'nach

255 2430 338 2452 vero
364 2423 405 2459 -Ι-
429 2419 520 2453 haecv
550 2419 579 2453 G
641 2420 644 2462 Ι
712 2418 779 2451 Mis
809 2418 892 2461 Cap.
918 2417 981 2451 IV
1007 2418 1110 2460 Ῑῖιήῃί
1144 2416 1205 2450 cler
1234 2417 1384 2457 Azcszms
1420 2415 1458 2448 iu
1488 2413 1517 2447 A
1554 2424 1612 2447 an.
1660 2413 1726 2446 Die
1760 2404 1979 2453 Uberschrist

255 2476 382 2508 lcmtet:
421 2475 551 2519 Incipit
584 2474 749 2509 doctrina
771 2473 887 2517 iniqui
912 2474 948 2507 et
972 2472 1099 2517 perfidi
1133 2471 1314 2506 manichei
1358 2474 1362 2515 Ι
1407 2470 1500 2504 Eine
1534 2479 1648 2511 flante
1682 2468 1775 2502 Zella
1810 2467 1858 2501 2⁴32}
1893 2477 1977 2500 aus-

256 2531 389 2564 radc'ert
433 2531 437 2573 Ι
482 2531 522 2564 In
549 2541 619 2574 qua
643 2529 808 2563 doctrina
832 2529 973 2573 decipet
997 2528 1134 2562 animas
1159 2528 1393 2561 infirmorum.
1434 2525 1536 2559 Unde
1560 2526 1600 2558 tu
1618 2523 1830 2558 Christiane
1855 2522 1977 2556 catho-

256 2586 349 2619 licae
375 2585 533 2628 quisquis
559 2597 593 2619 es
618 2585 697 2629 lege
723 2587 759 2619 et
784 2596 870 2619 caue
895 2595 939 2618 ne
963 2583 1143 2618 seducaris
1168 2582 1286 2617 uerbis
1308 2583 1311 2625 Ι
1333 2582 1408 2616 eius
1433 2583 1470 2616 et
1494 2580 1600 2614 cadas
1624 2579 1662 2613 in
1686 2579 1834 2622 laqueos
1858 2576 1978 2621 ipsius.

260 2641 261 2683 Ι
294 2641 344 2674 20
370 2639 413 2673 de
436 2640 607 2675 marcello
633 2641 731 2674 fama
754 2641 786 2673 ll
810 2639 907 2674 fama
932 2639 976 2674 de
1001 2650 1041 2674 eo
1072 2639 1102 2673 0
1140 2640 1145 2682 Ι
1189 2637 1409 2684 saepissime]
1435 2636 1620 2681 sepissima
1644 2634 1677 2668 A
1702 2640 1744 2671 <
1770 2632 1814 2666 M
1844 2633 1847 2675 Ι
1883 2643 1979 2676 spar-

258 2697 358 2739 geret
381 2696 414 2728 A
458 2697 462 2738 Ι
506 2696 553 2730 21
582 2696 741 2740 sti-auga]
768 2698 925 2740 trangan
950 2696 994 2737 A,
1030 2695 1091 2736 “sll·
1123 2695 1181 2736 95,
1207 2694 1230 2727 9
1269 2704 1320 2727 wo
1344 2693 1406 2726 cler
1429 2691 1464 2725 F
1464 2693 1539 2726 lass
1564 2692 1752 2733 strangam
1775 2689 1900 2728 lteisst;
1926 2688 1982 2721 bez?

259 2751 491 2795 Epzfflmnius
518 2751 695 2797 Στράγγα
728 2753 732 2793 1
777 2753 941 2795 separato
965 2752 998 2784 A
1042 2752 1046 2793 Ι
1091 2751 1141 2785 22
1179 2748 1314 2792 manes]
1339 2759 1466 2782 manus
1496 2747 1524 2781 Ο
1565 2747 1569 2789 Ι
1614 2744 1771 2789 quidam]
1803 2755 1851 2777 mu
1876 2754 1980 2787 quae-

259 2808 341 2841 dam
377 2818 468 2842 corr.
500 2807 547 2842 03
590 2810 594 2850 Ι
638 2807 686 2842 23
724 2806 903 2851 opinione]
939 2807 1003 2840 das
1039 2809 1128 2840 ersz‘e
1159 2817 1184 2838 n
1208 2815 1276 2838 aus
1307 2804 1404 2838 Corr.
1431 2804 1463 2836 A
1506 2802 1511 2845 Ι
1554 2800 1708 2846 plurima
1749 2799 1819 2834 GM
1858 2800 1862 2842 Ι
1905 2798 1980 2843 ipse

258 2873 378 2896 secum
402 2875 447 2892 cx>
480 2862 509 2896 C
560 2864 564 2904 Ι
620 2862 670 2897 24
696 2862 808 2906 possit
839 2863 870 2895 A
926 2863 930 2906 Ι
986 2862 1035 2897 25
1077 2861 1124 2905 se]
1158 2859 1350 2903 z'i-beryescla.
1380 2860 1412 2892 A
1468 2859 1472 2900 Ι
1526 2867 1628 2902 posse
1665 2865 1838 2900 occupare
1872 2867 1918 2885 ω
1955 2854 1984 2888 O

261 2928 362 2961 posse
389 2923 432 2954 <
462 2917 505 2950 JI
