2164 3406
151 998 193 1031 10

154 1386 193 1419 [15

217 172 238 207 g
947 160 1190 204 Hegemonius

216 269 453 327 ἐπιβάλλω,
487 268 548 323 ὥς
579 271 618 316 οἱ
650 273 745 313 τῶν
775 271 962 313 πολλῶν
993 264 1314 323 ἀφρονέστεροι
1348 271 1566 312 ποιοῦσιν.
1625 264 1715 312 νόει
1751 265 1777 312 ἃ
1807 271 1940 324 λέγω.

216 341 375 383 τέκνον
405 336 657 393 τιμιώτατε.

219 453 348 499 luceio,
379 449 485 491 sicut
514 447 682 501 plurimi
712 446 997 498 insipientium
1025 444 1194 486 faciunt.
1253 443 1454 498 Intellege
1492 459 1596 498 quae
1628 446 1735 497 dieo,
1778 446 1838 488 fili
1868 447 1940 487 ho-

216 514 424 557 norabilis.

326 667 395 708 Vl.
417 666 505 706 Hac
530 665 705 718 epistula
724 665 841 715 lecta,
862 665 1049 705 baiulum
1069 664 1301 705 litterarum
1323 663 1546 704 Marcellus
1568 665 1945 718 obsequentissime

218 732 383 774 fovebat
415 731 611 784 hospiti03
655 730 882 771 Archelaus
924 745 1019 771 vero
1057 745 1103 771 ea
1143 743 1248 782 quae
1277 729 1385 770 lecta
1415 732 1511 770 sunt
1540 745 1624 772 non
1651 730 1829 772 libenter
1858 747 1941 772 am-

216 797 360 850 plexus
406 796 521 838 velut
560 797 624 838 leo
667 797 886 838 conclusus
934 795 1126 837 dentibus
1166 796 1446 847 infrendebat,
1488 799 1699 837 auctorem
1741 796 1942 849 epistulae

217 864 295 904 sibi
324 863 560 904 desiderans
584 863 687 912 dari3
719 877 841 916 quem
864 860 1085 902 Marcellus
1107 862 1308 902 suadebat
1329 861 1552 914 quiescere,
1582 864 1712 903 semet
1740 862 1942 915 pollicens

216 931 531 982 procuraturum
559 929 835 981 praesentiam
865 927 953 968 viri.
1011 927 1252 968 Rescribere
1283 939 1381 980 ergo
1412 926 1634 969 Marcellus
1665 928 1717 967 ad
1747 942 1804 977 ea,
1839 942 1945 981 quae

217 995 369 1047 scripta
399 998 503 1041 sunt,
535 994 680 1035 statuit
710 993 930 1047 epistulam
962 993 1242 1034 continentem
1271 993 1382 1033 haec.

328 1114 386 1155 VI
418 1113 540 1166 (Vll).
591 1109 862 1167 Μάρκελλος,
895 1108 1006 1167 ἀνὴρ
1038 1113 1263 1167 ἐπίσημος)
1295 1114 1527 1167 Μανιχαίῳ
1550 1114 1615 1166 τῷ
1644 1108 1713 1154 διὰ
1744 1113 1823 1167 τῆς
1856 1113 1946 1155 ἐπι-

218 1181 379 1234 στολῆς
410 1180 692 1234 δηλοτχιιένῳ,
733 1181 911 1233 χαίρειν.
971 1175 1054 1233 τὴν
1083 1180 1163 1232 μὲν
1192 1172 1279 1221 ὑπὸ
1311 1180 1390 1221 σοῦ
1420 1187 1663 1232 γραφεῖσαν
1704 1175 1948 1232 ἐπιστολὴν

219 1240 528 1300 προσηκάμην,
578 1241 660 1287 τὸν
709 1247 753 1287 δὲ
807 1241 1017 1297 Τύρβωνα
1064 1239 1395 1299 προσεδεξάμην
1442 1239 1556 1286 κατὰ
1607 1240 1947 1298 φιλοφροσύνην

219 1306 338 1365 ἐμήν,
371 1313 465 1353 τῶν
496 1311 541 1352 δὲ
572 1306 843 1365 γραμμάτων
873 1306 955 1352 τὸν
987 1311 1096 1353 νοῦν
1126 1304 1332 1364 οὐδαμῶς
1368 1308 1529 1364 ἔγνων,
1567 1310 1604 1351 εἰ
1639 1305 1696 1363 μὴ
1727 1306 1779 1351 σύ
1808 1325 1947 1363 παρα-

220 1372 455 1430 γενόμενος
497 1372 668 1430 φράσῃς
699 1371 800 1431 ἡμῖν
831 1371 1146 1430 καταλογάδην
1178 1373 1385 1427 ἕκαστον,
1429 1370 1491 1425 ὥς
1531 1370 1724 1429 ὗπέσχού
1761 1372 1831 1417 διὰ
1867 1376 1947 1428 τῆς

220 1442 467 1495 ἐπιστολῆς.
527 1441 736 1495 ἔρρωσθε.

327 1563 567 1613 Marcellus,
597 1564 659 1604 vir
687 1567 821 1615 notus,
851 1564 1112 1613 Manichaeo,
1156 1564 1227 1616 qui
1268 1562 1347 1603 sibi
1383 1577 1456 1616 per
1491 1561 1714 1616 epistulam
1742 1563 1948 1604 indicatus

221 1632 298 1680 est,
340 1628 524 1670 salutem.
584 1629 789 1683 Scriptam
832 1630 999 1682 quidem
1040 1645 1063 1669 a
1103 1632 1143 1670 te
1185 1628 1404 1682 epistulam
1447 1629 1603 1681 sumpsi
1644 1632 1684 1669 et
1713 1627 1950 1669 Turbonem

221 1694 343 1736 solita
383 1695 483 1735 mihi
526 1696 784 1736 humanitate
826 1695 1006 1748 suscepi,
1053 1710 1220 1736 sensum
1260 1709 1357 1736 vero
1406 1694 1639 1735 litterarum
1686 1708 1949 1748 nequaquam

222 1761 396 1810 adverti3
435 1761 516 1802 nisi
550 1761 657 1802 forte
693 1764 739 1801 tu
769 1775 964 1813 praesens
996 1775 1176 1814 exponas
1206 1761 1326 1802 nobis
1366 1775 1441 1814 per
1468 1762 1594 1801 verba
1629 1760 1807 1814 singula,
1842 1760 1948 1801 sicut

224 1841 294 1878 per
325 1827 543 1878 epistulam
573 1827 810 1879 promisisti.
870 1827 980 1868 Vale.

333 1967 452 2009 Hanc
484 1969 702 2022 epistulam
733 1971 929 2023 scriptam
966 1973 1089 2024 atque
1132 1968 1336 2022 signatam
1377 1970 1567 2010 tradebat
1597 1968 1783 2009 Turboni
1817 1968 1950 2009 feren-

226 2036 318 2074 dam
355 2036 407 2074 ad
437 2050 529 2075 eum
559 2051 581 2075 a
612 2050 693 2088 quo
724 2036 838 2088 prius
867 2036 955 2089 ipse
990 2035 1232 2088 pertulerat,
1267 2034 1338 2075 ille
1373 2049 1469 2075 vero
1506 2035 1639 2075 redire
1675 2036 1727 2074 ad
1757 2049 1850 2074 eum
1879 2048 1949 2087 pe-

225 2100 334 2140 nitus
370 2099 668 2149 reluctabatur,
709 2116 867 2143 memor
900 2101 1060 2142 itineris
1090 2100 1296 2151 laborum,
1340 2102 1380 2140 et
1420 2101 1594 2153 rogabat
1635 2100 1761 2141 alium
1800 2114 1876 2153 pro
1907 2114 1949 2140 se

226 2166 358 2219 dirigi,
389 2166 598 2220 abnegans
628 2166 737 2207 ultra
767 2167 845 2207 sibi
875 2168 926 2206 ad
955 2166 1075 2207 illum
1104 2166 1282 2207 reditum
1314 2168 1384 2206 aut
1414 2166 1745 2218 communionem
1779 2179 1871 2206 cum
1902 2179 1949 2205 eo

337 2296 447 2331 ΛΟΜ
465 2297 541 2330 'mul
564 2297 695 2340 Elam.
721 2298 775 2340 (z
802 2300 889 2333 3-4
916 2297 990 2330 mul
1014 2297 1158 2335 1TQ‘21)

339 2417 362 2451 3
388 2417 490 2452 initio
521 2418 551 2452 O
589 2419 593 2462 Ι
638 2418 661 2452 4
693 2419 783 2452 nccelt
816 2418 1038 2453 honorabilis
1063 2423 1105 2458 -Ι-
1132 2418 1215 2452 uale
1240 2418 1273 2450 A
1319 2419 1322 2460 Ι
1368 2418 1389 2452 5
1427 2418 1518 2451 haec
1553 2417 1663 2451 ACM
1703 2417 1707 2459 Ι
1751 2416 1948 2460 obsequen-

226 2471 376 2515 tissimo]
407 2472 472 2505 clas·
496 2476 584 2506 erste
608 2485 627 2507 e
656 2474 833 2508 viellez'oelzt
858 2485 890 2508 α.
914 2473 1000 2507 Rus.
1032 2473 1061 2508 O
1102 2474 1105 2516 Ι
1149 2474 1172 2507 (5
1203 2472 1308 2515 quae]
1335 2484 1368 2516 q,
1394 2474 1426 2505 A
1469 2473 1474 2514 Ι
1519 2474 1540 2508 7
1576 2472 1669 2505 ozac-lc
1694 2473 1881 2506 conclusus
1908 2477 1949 2511 —-]-

228 2538 266 2560 os
291 2526 334 2559 M
365 2528 368 2569 Ι
413 2528 436 2563 8
461 2527 528 2562 sibi
553 2529 758 2563 desiderans
785 2530 873 2573 dari]
898 2529 1021 2563 uidere
1046 2528 1253 2563 desiderans
1279 2527 1322 2560 M
1327 2540 1332 2567 ς
1358 2528 1423 2571 vyl.
1448 2527 1699 2571 Epiphanius,
1725 2527 1821 2563 haer.
1849 2528 1903 2560 66,
1934 2528 1949 2559 Γ

229 2582 248 2615 ὁ
273 2581 311 2617 δὲ
335 2579 526 2629 Ἀρχέλαος
550 2583 660 2627 γνοὺς
685 2586 749 2628 τὴν
764 2584 896 2620 αἰτίαν
920 2585 985 2619 καὶ
1007 2585 1072 2628 τὴν
1098 2581 1295 2627 ἐπιστολὴν
1320 2581 1505 2629 ἀναγνοὺς
1529 2580 1659 2629 ἔβρυκε
1684 2582 1770 2624 τοὺς
1795 2581 1950 2624 ὀδόντας

228 2633 354 2683 ὥσπερ
380 2637 473 2672 λέων
498 2636 715 2684 ὢρυὸμενος
744 2643 807 2675 καὶ
837 2643 948 2684 ζῆλον
972 2642 1067 2675 θεοῦ
1091 2636 1292 2685 ἀναλαβὼν
1317 2636 1493 2684 ἐπειρᾶτο
1518 2636 1680 2684 ὁρμῆσαι
1709 2640 1854 2682 μᾶλλον
1880 2636 1950 2680 ἕ-’ως

230 2691 343 2727 αὐτοῦ
366 2694 429 2727 καὶ
454 2692 709 2739 χειρώσασθαι
737 2695 803 2731 τὸν
832 2701 1004 2731 τοιοῦτον
1026 2707 1111 2729 uszc.
1156 2695 1161 2738 Ι
1208 2696 1232 2730 9
1257 2696 1487 2739 procuratum
1512 2695 1544 2728 A
1568 2695 1840 2738 procuraturam
1865 2694 1906 2727 M

232 2748 277 2782 18
316 2760 337 2781 a
375 2750 411 2783 ῒθ
447 2756 488 2786 <
524 2750 613 2783 AM
663 2752 666 2793 Ι
723 2752 771 2786 19
815 2751 911 2795 vero]
953 2762 1080 2785 uerum
1116 2752 1148 2784 A
1191 2760 1233 2788 <
1275 2749 1319 2784 M
1368 2751 1372 2793 Ι
1430 2750 1478 2784 21
1516 2760 1579 2794 per
1613 2749 1805 2794 epistulam
1840 2756 1883 2786 <
1925 2749 1954 2783 G

231 2804 233 2846 Ι
274 2804 436 2848 promisti
466 2805 494 2838 Ο
526 2805 531 2847 Ι
576 2806 625 2840 22
653 2807 822 2851 scriptam
849 2809 957 2851 atque
981 2813 1023 2843 <
1054 2807 1083 2841 O
1123 2807 1127 2849 Ι
1171 2806 1283 2840 tradit
1306 2805 1349 2838 M
1384 2806 1388 2848 Ι
1438 2804 1663 2840 referendam
1694 2804 1723 2838 C
1768 2805 1771 2847 Ι
1826 2804 1876 2838 23
1904 2803 1949 2837 ad

231 2859 324 2902 eum]
349 2858 404 2892 illi
427 2859 471 2892 M
515 2862 520 2903 Ι
566 2861 616 2895 24
643 2862 731 2896 nach
759 2863 897 2896 itineris
923 2868 964 2903 -Ι-
990 2874 1032 2896 ac
1057 2861 1100 2894 M
1142 2863 1147 2904 Ι
1185 2861 1233 2896 25
1260 2860 1306 2894 ad
1329 2860 1433 2894 illum
1469 2870 1693 2894 reuersurum
1717 2859 1749 2892 A
1786 2859 1831 2893 ad
1868 2870 1950 2893 eum

231 2914 383 2948 reditum
415 2915 444 2948 C

1974 1571 1997 1605 [θ
