2164 3406
752 150 841 183 Actu
866 149 1036 184 Archelai
1061 149 1139 183 XVI
1152 150 1188 181 {n
1201 150 1302 184 -ΧΙΧ,
1845 154 1894 193 29

159 268 274 306 verat
303 265 346 305 111
375 263 553 317 propriis
584 277 632 303 ac
663 263 838 316 proficit,
871 263 1075 316 numquid
1105 262 1186 303 dici
1216 265 1353 315 potest
1384 276 1471 302 6336
1505 273 1753 305 comersus?
1787 262 1894 311 Quid

158 331 287 385 igitur
316 330 445 371 dicis?
494 330 700 382 recipiunt
729 329 1125 370 conversibilitatem
1162 344 1212 369 an
1244 334 1353 370 non?
1410 329 1461 368 1⁴11:
1501 329 1732 369 inmorantc
1763 331 1893 379 Mane,

158 399 425 438 Amemus
455 408 545 437 AIT:
583 395 625 435 ‚isi
657 395 825 449 quidem
856 395 1197 436 inconversibiles
1229 409 1316 435 esse
1347 394 1448 434 (licit
1486 398 1685 448 utrasque
1716 399 1894 440 naturas,

159 463 260 516 quid
291 466 352 503 est
389 464 502 516 quod
532 462 733 515 inpediat.
773 461 835 501 uti
877 476 928 502 ne
970 476 1098 501 unum
1137 464 1261 514 atque
1293 460 1402 501 idem
1433 476 1500 501 cas
1532 476 1620 501 esse
1651 462 1895 513 opinemur?

113 535 132 568 5
159 529 201 570 Si
235 529 343 569 enim
373 528 717 569 inconversibiles
748 530 861 579 sunt,
891 542 974 570 non
1006 531 1068 569 est
1098 529 1141 568 in
1167 527 1229 567 his
1260 528 1436 577 naturis,
1480 542 1584 580 quae
1616 527 1807 567 similiter
1835 529 1897 568 in-

159 594 454 636 conversibiles
485 597 582 635 sunt
612 597 652 635 et
688 593 879 635 similiter
910 594 1138 647 ingenitae,
1168 592 1255 634 ulla
1286 593 1490 643 discretio,
1522 609 1656 647 neque
1687 593 1817 634 altera
1848 609 1896 635 ex

1921 267 1942 299 ..Β

157 662 220 702 1113
251 661 359 702 bona
390 660 632 713 agnoscitur
662 663 734 700 aut
762 660 882 701 mala.
941 660 1060 709 Quod
1092 660 1127 701 si
1153 659 1448 701 conversibiles
1479 663 1586 706 sunt,
1617 659 1776 700 scilicet
1803 675 1896 713 pro·
1923 668 1945 701 3

157 727 296 768 venire
327 729 466 780 potest
496 729 536 767 et
571 726 727 767 bonum
764 726 875 767 effici
916 726 1073 766 malum
1111 729 1151 766 et
1186 726 1342 766 malum
1378 725 1544 766 bonum.
1605 726 1647 765 Si
1680 727 1788 766 enim
1820 727 1899 767 1106

156 794 372 847 provenire
403 792 603 846 possibile
635 795 711 843 est,
749 806 875 845 quare
914 808 998 834 non
1028 807 1158 833 unum
1189 792 1375 832 dicamus
1406 792 1655 845 ingenitum,
1694 794 1806 845 quod
1837 792 1897 833 in-

92 867 134 900 io
158 860 355 914 tellegere
405 859 538 912 magis
589 858 762 912 dignum
805 861 867 898 est
907 858 1024 898 iuxta
1065 858 1268 899 rationem
1310 858 1522 898 veritatis?
1582 857 1739 899 Intueri
1789 860 1899 899 enim

159 929 332 980 oportet,
363 927 572 979 quomodo
603 925 738 965 malus
768 923 840 965 ille
870 924 997 964 fuerit
1025 925 1075 964 ab
1106 924 1238 973 initio,
1270 926 1341 963 aut
1370 923 1413 963 in
1435 938 1538 976 quos
1560 924 1764 964 malitiam
1786 939 1898 965 exer-

159 992 290 1033 cuerit
327 995 421 1032 ante
457 991 603 1031 mundi
634 990 987 1032 constitutionem.
1047 989 1151 1031 Cum
1194 989 1354 1030 caelum
1384 991 1570 1030 nondum
1613 990 1817 1031 extitisset
1860 994 1899 1030 et

158 1060 343 1100 nondum
384 1060 493 1098 terra
534 1057 794 1108 subsisteret,
836 1072 920 1098 non
962 1056 1104 1107 homo,
1146 1070 1229 1096 non
1260 1055 1429 1106 animal,
1471 1055 1514 1095 in
1546 1070 1650 1109 quos
1682 1057 1901 1097 exercebat

158 1124 387 1165 malitiam?
431 1138 555 1177 quem
586 1124 850 1177 opprimebat
882 1123 1064 1164 iniuste?
1107 1136 1231 1175 quem
1271 1121 1454 1175 spolians
1486 1122 1664 1163 occidit?
1715 1121 1836 1170 Quod
1866 1122 1900 1162 si

92 1197 134 1230 15
159 1191 244 1232 suis
275 1205 369 1231 eum
401 1190 512 1231 dicas
544 1190 729 1230 extitisse
759 1189 926 1239 malum,
958 1189 1046 1230 sine
1077 1188 1203 1230 dubio
1235 1200 1333 1241 ergo
1365 1188 1597 1229 ostenditur
1625 1188 1746 1229 illum
1766 1189 1899 1229 bonae

160 1271 247 1298 esse
278 1259 461 1298 naturae.
519 1255 563 1296 Si
599 1269 695 1296 vero
727 1258 767 1296 et
795 1255 859 1297 illi
890 1270 1032 1296 omnes
1062 1255 1162 1295 mali
1193 1257 1305 1305 sunt,
1346 1258 1540 1306 quomodo
1571 1261 1698 1306 potest
1729 1256 1899 1295 Satanas·

160 1325 338 1364 Satanan
367 1326 512 1363 eicere?
544 1321 624 1363 Sed
655 1321 877 1363 conclusus
908 1335 1140 1363 sermonem
1170 1320 1386 1371 convertis,
1416 1323 1463 1361 ut
1494 1320 1605 1362 dicas
1638 1320 1736 1374 quia
1764 1321 1898 1361 bonus

158 1389 241 1429 vim
281 1403 426 1442 passus
470 1391 532 1429 est
571 1403 594 1428 a
632 1387 754 1429 malo.
814 1387 896 1429 Sed
924 1402 1000 1428 nec
1030 1388 1109 1429 1106
1153 1387 1322 1440 quidem
1363 1389 1425 1428 est
1465 1386 1542 1428 tibi
1583 1387 1671 1428 sine
1712 1385 1898 1440 periculo

159 1455 310 1505 dicere,
350 1457 398 1495 ut
437 1454 574 1495 lucem
616 1453 770 1495 victam
812 1469 900 1495 esse
938 1454 1174 1503 confirmes,
1219 1454 1330 1507 quod
1367 1452 1476 1494 enim
1504 1453 1686 1494 vincitur
1714 1452 1900 1494 vicinum

91 1528 134 1564 20
160 1521 286 1562 habet
314 1519 539 1561 interitum.
582 1519 691 1569 Quid
723 1519 833 1560 enim
863 1519 921 1560 ait
942 1534 1076 1561 sermo
1099 1519 1290 1560 divinus?
1327 1522 1425 1567 Quis
1453 1523 1560 1560 enim
1585 1526 1707 1571 potest
1734 1522 1898 1559 introire

162 1591 204 1628 m
233 1590 396 1628 domum
424 1589 542 1638 fortis
571 1593 603 1627 et
633 1589 799 1638 diripere
829 1601 926 1627 vasa
955 1589 1051 1637 eius,
1085 1589 1167 1626 nisi
1195 1589 1261 1626 illo
1282 1589 1335 1626 sit
1356 1589 1529 1637 fortior?
1560 1584 1680 1634 Quod
1711 1585 1746 1626 si
1765 1584 1899 1626 homi-

160 1653 282 1694 nibus
313 1667 406 1693 eum
436 1651 594 1693 malum
631 1652 817 1694 extitisse
860 1652 1013 1693 dixeris
1056 1654 1096 1692 et
1138 1666 1187 1692 ex
1225 1666 1272 1693 eo
1303 1651 1488 1692 malitiae
1519 1666 1617 1692 suae
1646 1651 1800 1692 indicia
1831 1652 1898 1690 de-

159 1722 430 1769 monstrasse,
461 1731 560 1772 61·ςο
592 1722 686 1760 ante
716 1720 796 1760 hoc
823 1718 958 1760 bonus
988 1717 1067 1758 fuit
1098 1720 1138 1758 et
1168 1717 1564 1759 conversibilitatem
1591 1717 1739 1771 recipit
1769 1732 1817 1757 ex
1840 1731 1898 1766 eo,

162 1787 272 1838 quod
304 1784 457 1826 creatio
487 1785 668 1827 hominis
700 1800 824 1827 causa
852 1784 1063 1825 invenitur
1100 1783 1285 1825 extitisse
1315 1783 1510 1825 malitiae.
1569 1784 1652 1825 Sed
1687 1786 1898 1837 postremo

92 1859 135 1894 25
160 1851 271 1893 dicat
301 1852 403 1904 quid
434 1853 497 1892 est
537 1851 710 1902 malum,
753 1866 805 1892 ne
846 1851 953 1892 forte
994 1864 1147 1892 nomen
1187 1850 1324 1891 solum
1366 1850 1560 1892 defendat
1601 1852 1672 1891 aut
1702 1852 1900 1891 adstruat.

162 1916 283 1965 Quod
313 1917 348 1958 si
376 1932 461 1958 non
490 1932 642 1959 nomen
671 1917 789 1968 mali,
820 1919 890 1958 sed
921 1916 1170 1964 substantia,
1201 1916 1363 1957 fructus
1393 1915 1514 1957 nobis
1545 1916 1729 1958 malitiae
1761 1920 1800 1957 et
1831 1930 1900 1956 ne-

163 1983 318 2036 quitiae
347 1983 470 2024 huius
501 1985 690 2036 exponat,
722 1983 920 2036 quoniam
950 1997 1034 2023 11011
1065 1982 1306 2035 agnoscitur
1334 1997 1534 2036 umquam
1564 1983 1723 2024 arboris
1753 1985 1902 2023 natura

159 2050 247 2090 sine
279 2050 429 2091 fructu.

268 2114 368 2156 XIX
397 2114 561 2167 (XVII).
610 2115 767 2156 MANEs
795 2126 941 2155 DIXIT:
992 2114 1164 2156 Constet
1194 2116 1306 2168 apud
1335 2117 1376 2155 te
1407 2116 1534 2168 prius,
1565 2114 1663 2168 quia
1693 2118 1755 2156 est
1783 2115 1901 2155 radix

92 2188 136 2223 30
161 2180 242 2221 alia
270 2180 466 2232 malitiae,
499 2196 625 2234 quam
654 2196 739 2223 non
768 2180 975 2234 plantavit
1005 2182 1116 2231 deus,
1148 2183 1189 2222 et
1218 2184 1318 2222 tunc
1348 2180 1425 2222 tibi
1456 2180 1590 2221 dicam
1620 2180 1779 2220 fructus
1802 2180 1901 2221 eius.

159 2247 428 2288 ARCHELAUS
457 2260 600 2289 DIXIT:
652 2246 748 2288 Non
789 2248 869 2287 hoc
906 2247 993 2287 veri
1024 2247 1181 2300 expetit
1210 2247 1333 2296 rati03
1373 2261 1509 2301 neque
1546 2246 1656 2287 enim
1692 2246 1901 2287 adsentiar

159 2313 237 2354 tibi
267 2313 449 2354 radicem
475 2327 563 2354 esse
592 2313 727 2354 malae
757 2312 918 2354 arboris
939 2312 1064 2364 illius,
1095 2313 1144 2353 de
1175 2312 1292 2353 cuius
1312 2312 1518 2354 fructibus
1539 2326 1768 2365 numquam
1788 2311 1900 2353 ullus

274 2401 322 2435 16
345 2400 461 2434 Μῆτις.
487 2402 517 2443 3,
531 2401 574 2435 23
599 2421 641 2424 -
667 2401 717 2436 20
743 2401 858 2436 Mark.
873 2402 904 2443 3,
919 2401 960 2434 ‘2'
986 2420 1029 2424 —
1056 2400 1104 2435 27
1133 2399 1265 2435 Maah.
1292 2401 1321 2442 τ,
1348 2400 1432 2436 1611
1461 2401 1513 2437 12,
1527 2401 1579 2434 3
1629 2400 1717 2435 Luk.
1734 2401 1763 2443 6,
1778 2401 1832 2435 43.
1855 2401 1899 2434 44

282 2468 356 2502 cM

276 2536 296 2570 1
336 2535 513 2578 numquid
548 2541 591 2573 <
627 2535 672 2569 M
708 2536 712 2579 Ι
757 2535 780 2570 2
818 2536 877 2579 an]
912 2536 975 2569 aut
1010 2535 1055 2569 M
1093 2535 1098 2578 Ι
1143 2535 1166 2570 3
1202 2533 1513 2578 inconversibiles]
1555 2534 1675 2568 Routlz
1720 2534 1899 2569 conuersi-

160 2591 252 2625 biles
280 2591 354 2626 GM
391 2592 396 2635 Ι
440 2602 516 2625 6336
540 2597 583 2629 <
608 2591 653 2624 Μ
690 2593 695 2635 Ι
738 2592 912 2635 utrasque
935 2592 1085 2625 naturas
1111 2590 1201 2625 111613
1225 2590 1271 2624 Μ
1308 2591 1313 2632 Ι
1357 2590 1382 2625 4
1417 2590 1489 2635 eas]
1516 2590 1593 2624 eius
1618 2591 1661 2625 M
1701 2591 1705 2634 Ι
1749 2590 1772 2625 5
1806 2589 1900 2623 *nacla

160 2647 300 2682 naturis
337 2652 378 2687 -Ι-
414 2646 568 2681 materia
592 2647 636 2680 M
675 2649 680 2690 Ι
729 2648 745 2682 7
786 2649 1003 2692 agnoscetur
1033 2647 1078 2681 M
1115 2648 1121 2689 Ι
1166 2646 1238 2680 311113
1268 2646 1311 2680 Μ
1353 2648 1357 2690 Ι
1402 2647 1425 2682 8
1461 2646 1571 2690 enim]
1604 2657 1690 2691 ergo
1716 2646 1761 2680 M
1798 2646 1803 2689 Ι
1850 2647 1896 2681 11

159 2702 303 2736 malitia
315 2702 359 2736 Μ
386 2704 390 2746 Ι
415 2702 531 2745 12113
555 2703 717 2737 nondum
732 2730 739 2737 .
756 2730 762 2737 .
778 2703 940 2737 nondum
955 2730 961 2737 .
977 2729 984 2737 .
998 2715 1071 2737 non
1087 2731 1093 2738 .
1110 2732 1116 2738 .
1130 2702 1217 2747 non]
1236 2714 1311 2737 non
1326 2729 1334 2737 .
1348 2730 1356 2737 .
1369 2702 1533 2737 nondum
1547 2729 1553 2736 .
1569 2731 1576 2738 .
1590 2702 1752 2736 nondum
1766 2729 1773 2736 .
1789 2729 1795 2735 .
1810 2713 1899 2736 non-

162 2757 247 2791 dum
271 2757 316 2791 M
353 2759 358 2802 Ι
403 2758 454 2793 14
479 2758 624 2793 malitia
650 2759 696 2792 M
723 2760 727 2802 Ι
763 2759 812 2794 15
838 2758 931 2793 illud
960 2759 990 2794 O
1031 2760 1034 2802 Ι
1082 2759 1194 2802 16s17
1223 2760 1378 2793 satanan
1403 2760 1439 2793 et
1463 2760 1610 2792 satanas
1640 2758 1669 2793 O
1702 2759 1706 2801 Ι
1753 2758 1798 2792 17
1829 2768 1898 2791 ser-

160 2824 267 2848 mone
295 2813 325 2848 O
365 2814 368 2856 Ι
414 2814 499 2858 quia
522 2820 566 2853 <
595 2814 625 2850 O
665 2815 669 2858 Ι
715 2815 764 2850 18
800 2826 845 2849 116
871 2844 877 2850 .
905 2842 912 2849 .
939 2815 1085 2859 quidem
1109 2814 1155 2848 M
1193 2815 1197 2858 Ι
1240 2814 1311 2849 tibi
1347 2814 1424 2849 31116
1447 2813 1609 2859 periculo
1634 2816 1689 2848 est
1713 2813 1758 2846 M
1795 2814 1800 2856 Ι
1847 2813 1898 2848 20

160 2868 256 2903 enim
280 2875 323 2907 <
348 2869 392 2903 M
425 2870 430 2913 Ι
467 2871 515 2905 21
542 2869 580 2903 in
604 2876 647 2908 <
672 2870 717 2904 M
755 2872 760 2914 Ι
806 2871 857 2906 23
884 2870 1034 2915 recipiet
1058 2870 1104 2904 M
1141 2871 1146 2913 Ι
1191 2870 1243 2905 24
1275 2870 1388 2904 creati
1416 2870 1446 2904 O
1474 2871 1479 2913 Ι
1513 2870 1562 2905 25
1590 2869 1716 2904 affluat
1740 2869 1782 2902 Μ
1812 2869 1816 2911 Ι
1850 2869 1899 2903 26

159 2923 253 2958 nach
266 2924 355 2958 mali
369 2929 410 2965 -Ι-
425 2926 553 2960 asserit
567 2926 611 2960 Μ
627 2927 632 2970 Ι
655 2927 773 2970 29s30
790 2926 895 2961 radix
913 2926 986 2960 alia
998 2939 1044 2957 Ν
1057 2925 1098 2959 M
1117 2927 1122 2970 Ι
1151 2926 1201 2961 32
1215 2937 1416 2969 numquam
1432 2925 1541 2969 ullus]
1563 2936 1668 2959 nemo
1686 2935 1846 2968 unquam
1860 2923 1904 2957 M

1926 1592 1948 1624 (³,

1928 1792 1944 1827 ⁶⁴1
