2164 3406
176 870 219 903 10

177 1196 220 1229 15

175 1522 196 1555 2
201 1520 222 1554 (ᾗ)

177 1853 221 1888 25

243 172 292 210 68
986 163 1229 208 Hegemonius

241 278 486 328 properare?
544 275 631 315 Aut
660 289 825 315 rursum
853 273 1049 327 parvulus
1081 275 1152 327 qui
1181 273 1287 315 lacte
1317 275 1497 315 nutritus
1520 277 1592 324 est,
1623 288 1714 315 cum
1745 275 1968 328 profecerit

243 343 293 381 ad
323 341 542 382 validiores
573 341 698 391 cibos,
730 355 823 381 cum
849 340 999 380 iniuria
1021 340 1141 379 debet
1162 342 1322 381 abicere
1344 344 1466 394 atque
1489 342 1774 381 exhorrescere
1794 341 1966 382 nutricis

242 405 473 447 mamillas?
515 407 613 459 quin
644 407 784 459 potius
813 408 1030 446 veneratur
1060 408 1100 446 et
1131 405 1230 446 colit
1260 409 1300 446 et
1328 406 1519 447 beneficii
1555 407 1618 447 sui
1648 407 1877 446 debitorem
1907 407 1966 446 fa-

242 474 362 512 tetur.
420 472 549 512 Aliud
580 473 715 519 etiam,
748 473 781 512 si
812 472 990 520 videtur,
1027 472 1296 512 adhibeamus
1328 471 1573 524 exemplum.
1630 470 1767 512 Homo
1800 473 1970 525 quidam

242 538 474 589 proiectum
503 538 547 577 in
577 541 729 578 terram
761 551 854 577 cum
875 537 1047 577 vidisset
1076 537 1277 577 infantem
1299 540 1339 577 et
1359 538 1441 577 iam
1462 537 1726 577 vehementer
1747 537 1969 587 adflictum,

244 602 413 655 collegit
444 618 536 643 eum
568 606 607 643 et
637 604 793 643 nutrire
824 604 932 655 apud
964 617 1006 643 se
1037 603 1183 655 coepit,
1213 616 1430 656 usquequo
1462 604 1513 642 ad
1534 605 1709 642 aetatem
1732 603 1970 644 adulescen—

243 668 324 708 tiae
351 669 583 721 perveniret
608 668 885 720 toleravitque
908 682 1049 708 omnes
1072 668 1143 721 qui
1165 669 1326 708 evenire
1349 667 1484 709 solent
1503 669 1775 709 nutritoribus
1796 668 1968 709 labores.

243 734 418 774 Accedit
458 748 554 775 vero
596 737 691 787 post
730 736 893 786 tempus
935 734 970 774 is
1014 734 1085 786 qui
1125 733 1325 774 naturalis
1367 734 1404 774 ei
1433 734 1568 774 fuerat
1608 737 1724 786 pater
1764 735 1971 787 requirere

242 813 415 851 puerum
462 802 501 838 61
541 800 699 839 invenit
741 813 833 839 eum
876 801 984 852 apud
1024 799 1143 839 illum
1185 800 1256 852 qui
1305 800 1516 840 nutrierat.
1591 798 1698 847 Quid
1739 800 1865 840 faciat
1904 800 1972 840 hic

243 879 354 917 puer,
386 867 501 917 patre
532 865 727 917 cognito?
759 866 807 905 de
837 865 946 905 iusto
978 865 1087 905 enim
1116 879 1244 918 puero
1275 866 1378 906 mihi
1408 879 1542 906 sermo
1574 868 1645 906 est.
1670 859 1671 862 ¹
1694 863 1845 906 Nonne
1865 865 1972 905 mul-

244 931 297 970 tis
329 931 446 970 donis
484 933 699 971 munerato
743 944 790 970 eo
834 931 905 983 qui
947 946 989 971 se
1020 932 1281 981 educaverat,
1323 932 1511 984 sequitur
1545 931 1775 971 naturalem
1812 934 1972 984 patrem

244 998 465 1048 prospectu
495 996 762 1036 hereditatis?
804 995 866 1036 lta
894 997 997 1036 mihi
1023 995 1347 1049 intellegendum
1375 1001 1435 1036 est
1464 996 1731 1050 magnificum
1753 997 1818 1037 dei
1840 997 1973 1037 famu-

244 1060 330 1101 lum
353 1060 525 1113 Moysen
546 1062 753 1102 invenisse
773 1061 973 1115 populum
995 1061 1207 1102 adflictum
1229 1063 1278 1102 ab
1301 1062 1533 1116 Aegyptiis,
1564 1077 1686 1116 quem
1708 1062 1973 1115 adsumptum

245 1126 453 1166 nutriebat
481 1127 524 1166 in
556 1129 717 1167 deserto
748 1130 960 1180 tamquam
990 1130 1122 1180 pater,
1163 1129 1361 1168 edocebat
1390 1131 1436 1168 ut
1472 1129 1687 1181 magister,
1727 1129 1899 1181 regebat
1928 1131 1975 1169 ut

246 1194 389 1232 rector.
450 1191 722 1233 Conservavit
761 1192 963 1245 populum
1003 1207 1220 1247 usquequo
1251 1194 1410 1234 veniret
1440 1195 1556 1234 cuius
1585 1196 1662 1243 est,
1703 1197 1742 1234 et
1776 1197 1872 1247 post
1901 1195 1974 1235 ali-

247 1260 447 1309 quantum
476 1260 640 1310 tempus
671 1259 892 1299 adveniens
922 1261 1039 1311 pater
1068 1260 1256 1312 proprias
1288 1274 1384 1300 oves
1406 1260 1571 1312 recepit.
1613 1258 1764 1300 Nonne
1794 1274 1866 1313 per
1887 1274 1972 1300 om-

245 1323 313 1363 nia
342 1323 613 1363 honorabitur
643 1324 809 1376 quidem
842 1325 891 1364 ab
924 1339 970 1365 eo
1002 1325 1068 1365 cui
1109 1325 1280 1365 tradidit
1322 1337 1503 1378 gregem,
1544 1325 1846 1378 glorificabitur
1875 1340 1972 1365 vero

246 1389 296 1428 ab
326 1389 376 1429 iis
407 1389 508 1441 ipsis
540 1390 611 1441 qui
642 1390 692 1429 ab
725 1404 771 1429 eo
804 1391 1035 1430 conservati
1066 1393 1187 1431 sunt?
1245 1390 1345 1438 Quis
1375 1391 1505 1443 igitur
1533 1391 1592 1431 ita
1623 1392 1773 1431 mentis
1803 1392 1972 1432 insanae

249 1456 320 1503 est,
351 1469 373 1494 o
405 1454 673 1495 dilectissime
704 1455 897 1503 Diodoro,
928 1458 973 1495 ut
1002 1454 1157 1496 alienos
1189 1472 1208 1495 a
1241 1471 1283 1496 se
1315 1457 1426 1497 dicat
1456 1471 1524 1497 eos
1556 1457 1628 1509 qui
1663 1457 1770 1496 inter
1800 1472 1842 1497 se
1873 1470 1971 1497 0011-

246 1520 377 1560 iuncti
408 1523 513 1570 sunt,
545 1521 616 1572 qui
646 1535 720 1573 pro
750 1535 792 1561 se
814 1521 991 1561 invicem
1012 1521 1323 1574 prophetarunt,
1355 1523 1426 1575 qui
1447 1522 1635 1575 aequalia
1657 1525 1696 1562 et
1717 1523 1797 1563 sibi
1819 1521 1972 1562 similia

246 1587 371 1638 atque
402 1588 590 1637 cognata,
620 1587 747 1627 immo
779 1587 917 1639 potius
949 1599 1144 1640 germana
1174 1588 1293 1640 signa
1322 1602 1369 1627 ac
1397 1588 1589 1640 prodigia
1610 1589 1971 1628 demonstrarunt?

1997 279 2013 313 ’ἵ

2001 1267 2050 1301 10

246 1650 300 1690 Ε1
329 1651 463 1704 primo
496 1652 663 1703 quidem
695 1651 861 1705 Moyses
899 1655 951 1692 ad
985 1652 1186 1705 populum
1218 1653 1337 1694 dixit:
1368 1657 1392 1693 I
1396 1657 1603 1704 'rophetsmn
1637 1656 1743 1693 vobis
1772 1656 1974 1693 suscitabit
1999 1661 2046 1695 11

246 1720 433 1757 dominus
462 1720 558 1757 deus
586 1724 705 1756 vester
734 1721 833 1757 siem
861 1734 932 1759 me.
980 1717 1140 1758 Deinde
1160 1717 1274 1759 168118
1305 1719 1378 1760 ait:
1409 1717 1471 1759 De
1502 1734 1567 1759 me
1596 1720 1703 1759 enim
1723 1719 1889 1771 Moyses
1910 1718 1970 1759 lo-

247 1784 366 1823 cutus
397 1786 468 1823 est.
527 1781 634 1822 Vide
665 1786 873 1835 quomodo
917 1786 1103 1824 dexteras
1145 1784 1225 1824 sibi
1262 1784 1440 1824 invicem
1478 1786 1662 1835 tradunt,
1705 1799 1829 1838 quam
1868 1783 1972 1823 alter

246 1848 464 1900 propheta,
495 1847 600 1887 alter
628 1862 726 1888 vero
757 1848 868 1890 filius
900 1851 953 1890 sit
984 1849 1174 1897 dilectus;
1212 1850 1315 1890 alter
1343 1849 1477 1890 fidelis
1509 1850 1706 1901 famulus,
1742 1851 1845 1890 alter
1873 1864 1970 1890 vero

247 1913 436 1953 dominus
468 1916 728 1966 agnoscatur.
769 1914 847 1955 Sed
878 1918 918 1955 et
949 1917 1156 1968 quondam
1177 1915 1319 1956 volens
1351 1916 1443 1968 quis
1474 1916 1562 1956 sine
1593 1918 1810 1968 pedagogo
1831 1916 1890 1955 ire
1920 1916 1970 1954 ad
1999 1919 2047 1954 12

247 1978 378 2019 scolas
408 1993 491 2019 non
522 1980 746 2031 suscipitur
767 1995 789 2020 a
809 1981 1008 2033 magistro
1040 1982 1216 2021 dicente:
1248 1979 1345 2021 Non
1368 1996 1461 2021 eum
1483 1981 1716 2034 suscipiam,
1747 1981 1827 2021 nisi
1858 1994 1971 2020 acce-

245 2044 354 2096 perit
393 2046 668 2097 pedagogum.
727 2045 807 2094 Qui
848 2047 902 2087 sit
943 2048 1079 2087 autem
1122 2049 1171 2087 de
1203 2061 1284 2100 quo
1325 2047 1500 2087 dicimus
1542 2048 1722 2087 breviter
1758 2061 1970 2099 exponam.

357 2143 406 2177 22
432 2142 538 2176 1)6111.
565 2144 616 2185 18,
644 2145 685 2178 15
714 2164 751 2167 —
778 2145 829 2179 23
855 2145 934 2179 Joh.
961 2147 990 2187 5,
1014 2146 1059 2179 46
1084 2166 1125 2169 -—
1152 2146 1201 2180 25
1227 2145 1335 2179 Hebr.
1361 2147 1393 2186 3,
1418 2148 1447 2180 5.
1473 2149 1494 2180 6

357 2232 465 2266 ΛΟΜ

360 2311 379 2344 1
407 2311 481 2353 aut]
509 2312 549 2344 ut
574 2312 605 2344 A
653 2312 656 2353 Ι
703 2312 725 2345 2
751 2311 956 2356 validiores]
984 2312 1220 2347 ceualidiores
1249 2313 1279 2347 O
1319 2314 1324 2356 Ι
1368 2312 1549 2347 debeatA
1592 2313 1596 2355 Ι
1641 2313 1664 2346 3
1691 2311 1785 2346 00161
1809 2312 1842 2345 Α
1874 2312 1879 2354 Ι
1913 2311 1972 2345 (16-

246 2366 407 2400 betorem
433 2366 465 2398 A
509 2367 512 2407 Ι
559 2367 580 2401 5
614 2367 711 2400 terra.
740 2367 809 2401 OM
850 2369 855 2409 Ι
901 2370 923 2401 (ἰ
955 2367 1097 2412 colligit
1121 2369 1154 2401 A
1199 2370 1202 2411 Ι
1248 2369 1306 2412 ad]
1345 2381 1365 2402 a
1389 2367 1584 2411 iihmyeseh.
1610 2368 1643 2401 A
1687 2368 1691 2411 Ι
1740 2369 1756 2402 7
1797 2367 1972 2401 colerauit

247 2432 316 2464 que
341 2422 373 2454 A
416 2423 420 2463 Ι
464 2421 587 2456 uenire
619 2423 664 2456 A.
696 2424 701 2463 Ι
746 2424 768 2457 8
809 2423 942 2457 accidit
977 2424 1009 2455 A
1053 2425 1057 2466 Ι
1101 2425 1255 2469 tempus]
1294 2426 1310 2458 t
1344 2424 1541 2467 fiiheoyeselz.
1567 2423 1599 2455 A
1642 2424 1646 2466 Ι
1701 2423 1743 2467 18]
1781 2423 1822 2456 111
1856 2422 1912 2456 his
1940 2424 1971 2456 A

246 2476 291 2510 iis
320 2476 350 2510 Ο
411 2477 415 2520 Ι
461 2477 659 2520 requireret
684 2478 716 2511 A
760 2480 764 2521 Ι
810 2480 833 2511 9
858 2478 1040 2513 inueniret
1063 2480 1096 2512 A
1140 2480 1145 2522 Ι
1192 2481 1241 2514 10
1271 2481 1411 2525 patrem
1436 2481 1465 2513 A
1512 2480 1517 2522 Ι
1560 2479 1649 2513 mihi
1680 2489 1794 2513 sermo
1819 2492 1864 2509 ω
1889 2478 1933 2512 Μ
1968 2478 1971 2521 Ι

249 2533 295 2566 11
337 2532 553 2566 edomuerat
577 2533 610 2567 A
655 2535 658 2576 Ι
709 2534 755 2568 12
790 2533 1078 2578 intellegendum
1114 2535 1181 2579 est]
1217 2535 1385 2579 intellegi
1420 2536 1452 2569 A
1497 2536 1500 2579 Ι
1547 2536 1596 2570 13
1633 2534 1773 2568 uenisse
1801 2534 1831 2568 Ο
1872 2534 1876 2577 Ι
1923 2535 1972 2569 14

249 2587 436 2631 edocebat]
462 2588 641 2622 educabat
665 2590 698 2622 A
730 2589 884 2625 docebat
913 2590 942 2624 O
983 2592 986 2632 Ι
1029 2590 1180 2634 regebat
1210 2591 1262 2634 ut]
1296 2591 1490 2635 regebatur
1515 2592 1546 2624 A
1591 2591 1595 2634 Ι
1642 2591 1690 2625 15
1725 2590 1818 2623 nacla
1855 2591 1973 2624 rector

248 2648 288 2681 -Ι-
315 2643 352 2676 61
376 2643 408 2676 A
453 2644 457 2686 Ι
503 2645 731 2679 conseruabit
766 2646 799 2679 A
844 2646 847 2689 Ι
890 2645 983 2679 waelz
1019 2646 1056 2680 et
1086 2650 1128 2686 -Ι-
1159 2657 1238 2680 cum
1263 2647 1295 2679 A
1340 2647 1344 2689 1
1392 2646 1439 2681 16
1470 2647 1631 2691 proprias
1656 2653 1698 2683 <
1727 2646 1757 2680 G
1796 2646 1802 2689 Ι
1848 2646 1897 2681 18
1929 2645 1972 2680 iis

247 2697 344 2742 ipsis]
371 2698 455 2743 ipsis
480 2699 512 2732 A
545 2700 600 2733 his
624 2700 709 2744 ipsis
734 2701 779 2734 M
817 2702 820 2744 Ι
867 2701 1059 2736 2011111106
1083 2702 1116 2735 A
1160 2703 1164 2745 Ι
1207 2702 1458 2746 prophetaturi
1483 2703 1566 2736 sunt
1602 2702 1632 2737 G
1671 2702 1675 2745 Ι
1719 2701 1792 2745 qui]
1821 2702 1905 2745 quia
1937 2702 1972 2743 (a

246 2754 457 2797 fiheryeseh.)
478 2756 508 2786 A
553 2757 556 2793 Ι
601 2757 637 2790 61
663 2756 731 2791 sibi
757 2756 890 2791 similia
915 2764 956 2795 <
981 2758 1014 2791 A
1047 2759 1051 2800 Ι
1089 2758 1136 2792 21
1166 2758 1287 2802 atque]
1315 2770 1383 2801 que
1405 2759 1435 2793 Ο
1474 2760 1479 2797 Ι
1523 2758 1671 2802 cognita
1694 2760 1727 2791 A
1761 2759 1764 2796 Ι
1802 2758 1852 2791 22
1879 2756 1972 2790 dixit

248 2816 289 2847 <
315 2810 346 2843 A
391 2811 395 2853 Ι
440 2810 630 2846 suscitauit
666 2812 732 2845 das
766 2812 888 2846 aurite
924 2813 935 2845 i
965 2812 1162 2855 iiberyeseh.
1187 2814 1220 2846 A
1265 2814 1268 2856 Ι
1314 2814 1364 2848 23
1403 2813 1533 2847 deinde
1567 2813 1660 2846 iesus
1684 2825 1729 2843 Ν
1759 2813 1832 2848 OM
1870 2813 1874 2856 Ι
1920 2812 1971 2847 24

247 2865 344 2899 vides
382 2867 413 2899 A
457 2867 461 2908 Ι
506 2865 651 2902 dextras
687 2869 719 2901 A
765 2869 769 2911 Ι
821 2869 941 2913 quam]
979 2868 1143 2912 quamuis
1167 2870 1199 2902 A
1243 2870 1248 2910 Ι
1293 2869 1343 2903 26
1375 2868 1461 2912 quid
1486 2870 1519 2902 A
1563 2869 1566 2912 Ι
1611 2869 1659 2903 27
1688 2869 1868 2903 dicentem
1893 2868 1926 2902 A
1967 2868 1970 2911 Ι

248 2919 426 2954 accederit
455 2921 527 2956 OM
