2164 3406
198 883 241 915 111

263 182 313 219 (11
1002 172 1245 218 Hegemonius

265 290 474 330 cessarunt
505 286 681 327 alienam
712 287 818 326 hanc
860 289 900 326 et
942 284 992 324 ab
1021 285 1281 325 Antichristo
1323 285 1567 337 inspiratam
1606 299 1679 337 per
1707 283 1801 324 loca
1831 283 1993 336 singula

264 356 442 394 inserere
474 353 716 393 doctrinam.

372 418 485 459 LXV
516 417 650 470 (LIV).
708 417 811 458 Post
830 418 932 457 haec
953 418 1004 456 ad
1024 416 1270 469 magistrum
1292 430 1411 456 suum
1434 417 1616 462 redeunt,
1646 415 1867 456 referentes
1891 429 1993 467 quae

265 487 322 526 eis
344 485 586 531 acciderint;
618 484 790 524 audiunt
812 483 937 522 etiam
959 496 1005 522 ea
1036 496 1140 535 quae
1170 482 1213 521 in
1233 482 1370 534 ipsum
1401 480 1566 521 conlata
1587 483 1683 521 sunt
1702 480 1821 520 mala.
1865 480 1993 519 Acce-

221 558 235 586 ?
266 553 405 591 dentes
436 562 545 603 ergo,
576 552 622 588 ut
652 549 835 598 decebat,
866 549 917 587 ad
939 562 1031 587 eum
1053 547 1115 587 sui
1149 549 1189 587 et
1209 549 1477 599 suggerentes
1508 546 1545 586 ei
1567 548 1615 586 de
1645 546 1708 586 his
1738 544 1858 585 malis
1891 559 1994 598 quae

264 631 337 670 per
365 616 457 657 loca
487 615 652 668 singula
680 614 960 667 patiebantur,
998 614 1047 652 de
1076 611 1236 665 reliquo
1268 613 1451 652 converti
1488 625 1530 652 se
1561 612 1708 652 debere
1739 613 1790 651 ad
1821 610 1994 651 salutem

265 682 507 729 suadebant3
544 681 844 733 pertimuerant
875 680 994 727 enim,
1024 681 1211 718 verentes
1243 693 1293 718 ne
1325 678 1426 731 quid
1456 678 1536 718 sibi
1567 692 1615 717 ex
1644 677 1707 716 his
1738 676 1858 716 malis
1890 689 1993 728 quae

265 748 327 788 illi
357 747 643 787 inferebantur
672 746 887 786 accideret.
944 745 1002 784 At
1036 743 1107 784 1116
1143 745 1318 784 suadens
1350 757 1419 783 eos
1456 742 1561 782 nihil
1590 743 1722 783 vereri
1758 743 1811 781 ad
1843 741 1992 781 oratio—

265 828 357 853 nem
390 813 612 865 consurgit.
657 811 775 852 Tunc
797 811 944 851 deinde
973 811 1089 850 iubet
1108 810 1152 850 in
1175 823 1335 849 carcere
1355 809 1516 861 positus
1537 808 1641 861 legis
1663 807 1992 849 Christianorum

263 879 392 919 libros
430 878 661 930 conparari;
703 876 823 917 valde
864 877 974 916 enim
1014 877 1057 916 hi
1100 876 1171 929 qui
1201 875 1317 915 missi
1347 876 1397 915 ab
1431 889 1478 915 eo
1510 874 1673 915 fuerant
1702 887 1776 926 per
1806 873 1993 913 civitates

265 944 449 997 singulas
491 945 541 984 ab
585 943 777 984 omnibus
807 943 1046 983 hominibus
1089 941 1340 982 execrationi
1371 941 1646 989 habebantur,
1676 939 1856 979 maxime
1886 938 1993 990 apud

267 1024 369 1063 quos
402 1008 731 1049 Christianorum
768 1023 919 1048 nomen
947 1008 1205 1048 venerationi
1236 1009 1331 1046 erat.
1391 1005 1567 1058 Sumpto
1606 1017 1703 1058 ergo
1736 1001 1992 1057 aliquantulo

266 1076 353 1115 auri
384 1074 519 1124 modo,
563 1075 755 1114 abierunt
799 1075 850 1113 ad
891 1072 982 1113 loca
1011 1074 1055 1113 in
1086 1073 1235 1126 quibus
1267 1072 1597 1112 Christianorum
1626 1070 1723 1111 libri
1764 1069 1992 1110 conscribe-

265 1141 415 1181 bantur
457 1144 497 1181 et
540 1139 782 1180 simulantes
824 1153 865 1179 se
901 1138 1087 1178 novicios
1130 1152 1216 1178 esse
1258 1138 1514 1179 Christianos
1550 1135 1754 1189 rogabant
1794 1134 1993 1188 praestari

223 1216 236 1220 ”
266 1208 345 1248 sibi
375 1207 505 1247 libros
548 1207 598 1245 ad
641 1207 968 1258 conparandum,
1012 1207 1062 1254 et,
1102 1207 1149 1244 ut
1188 1219 1238 1244 ne
1276 1204 1408 1244 multa
1449 1203 1596 1251 dicam,
1640 1203 1866 1254 conparant
1902 1200 1992 1240 11111-

267 1287 403 1313 versos
446 1272 575 1312 libros
618 1271 917 1323 scripturarum
958 1272 1193 1310 nostrarum
1233 1272 1273 1310 et
1316 1270 1507 1310 deferunt
1538 1270 1589 1308 ad
1629 1282 1722 1308 611111
1760 1267 1804 1306 in
1835 1279 1994 1306 carcere

267 1339 549 1387 constitutum,
582 1336 730 1390 quibus
761 1335 832 1376 ille
862 1336 1042 1388 acceptis
1072 1336 1198 1376 homo
1240 1338 1399 1376 astutus
1437 1334 1574 1386 coepit
1608 1334 1651 1373 in
1695 1333 1848 1372 nostris
1877 1330 1994 1371 libris

266 1405 502 1444 occasiones
532 1403 741 1456 inquirere
773 1401 984 1442 dualitatis
1015 1416 1112 1442 suae
1142 1415 1215 1441 1160
1247 1414 1343 1441 suae
1365 1400 1543 1453 quidem,
1573 1401 1644 1439 sed
1666 1397 1891 1451 Scythiani,
1925 1396 1995 1449 qui

266 1471 343 1510 hoc
374 1473 467 1510 ante
496 1470 722 1523 plurimum
752 1468 952 1520 temporis
981 1466 1228 1519 protulerat,
1265 1469 1305 1506 et
1335 1481 1382 1506 ex
1404 1467 1556 1506 nostris
1582 1465 1712 1514 libris,
1743 1464 1849 1504 sicut
1870 1463 1994 1502 etiam

269 1538 487 1576 adversum
516 1550 581 1575 me
612 1535 826 1587 disputans
866 1532 982 1583 fecit,
1025 1533 1301 1573 adsertionem
1332 1547 1447 1572 suam
1478 1532 1676 1584 proferre,
1720 1530 1923 1583 quaedam
1952 1529 1995 1568 in

264 1603 327 1642 his
358 1616 565 1649 accusans,
597 1602 799 1654 quaedam
820 1602 1070 1653 permutans,
1102 1598 1190 1639 solo
1212 1597 1364 1639 Christi
1395 1598 1562 1638 nomine
1593 1596 1771 1642 adiecto;
1803 1609 1925 1648 quem
1952 1608 1993 1635 36

265 1669 418 1709 idcirco
448 1668 654 1720 suscipere
685 1665 908 1716 simulavit,
937 1667 983 1705 ut
1013 1678 1086 1717 per
1116 1665 1305 1704 civitates
1326 1663 1510 1716 singulas
1538 1664 1727 1702 sanctum
1749 1664 1788 1701 et
1810 1661 1994 1700 divinum

266 1748 413 1774 nomen
457 1733 669 1773 audientes
700 1731 870 1781 Christi,
912 1730 1082 1770 minime
1112 1732 1348 1770 execrantes
1380 1743 1464 1779 eos,
1508 1726 1732 1780 discipulos
1762 1726 1882 1766 istius
1913 1740 1995 1765 non

2019 744 2041 778 Ιῧ

265 1799 468 1853 fugarent.
525 1797 743 1839 Inveniens
774 1799 911 1837 autem
943 1796 1067 1836 etiam
1097 1810 1241 1835 vocem
1273 1797 1322 1835 de
1352 1793 1561 1847 paracleto
1591 1793 1769 1846 positam
1795 1793 1839 1832 in
1869 1792 1995 1844 scrip·
2021 1802 2042 1834 (ἰ

266 1865 380 1914 turis,
411 1867 539 1904 semet
560 1865 696 1916 ipsum
727 1877 813 1903 esse
844 1862 1035 1910 subiecit,
1073 1862 1144 1914 (1111
1173 1875 1257 1901 11011
1293 1860 1452 1913 legerat
1494 1859 1714 1912 diligenter
1752 1858 1848 1911 quia
1876 1872 1995 1910 para-

268 1929 396 1970 cletus
432 1930 515 1969 iam
545 1933 644 1969 tunc
674 1929 853 1969 venisset
884 1942 976 1968 cum
1007 1926 1186 1979 apostoli
1217 1927 1351 1967 adhuc
1382 1929 1517 1967 essent
1547 1939 1669 1977 super
1697 1927 1860 1965 terram.
1918 1921 1995 1962 His

268 2008 365 2049 ergo
407 1998 492 2035 tam
536 1994 732 2035 scelerate
776 1994 1018 2046 conpositis,
1059 1994 1190 2033 mittit
1231 1996 1271 2033 et
1308 1991 1532 2044 discipulos
1563 2005 1658 2031 suos
1687 1990 1996 2042 praedicaturos

267 2062 470 2114 intrepide
501 2061 620 2101 fictos
651 2060 951 2112 simulatosque
982 2073 1139 2100 errores
1171 2062 1210 2099 et
1239 2073 1366 2100 novas
1394 2057 1603 2110 falsasque
1635 2070 1757 2096 voces
1779 2054 1994 2094 adnuntia-

267 2131 381 2167 turos
422 2141 495 2180 per
535 2126 629 2167 loca
669 2125 843 2179 singula.
903 2124 1021 2173 Quod
1065 2139 1158 2165 cum
1200 2138 1270 2164 rex
1300 2123 1520 2164 Persarum
1551 2121 1825 2175 cognovisset,
1858 2120 1993 2173 dignis

268 2208 360 2233 eum
392 2192 605 2245 suppliciis
637 2191 810 2232 subdere
841 2193 970 2244 parat.
1029 2189 1118 2238 Quo
1142 2189 1284 2229 Manes
1315 2190 1469 2242 agnito,
1500 2188 1736 2228 admonitus
1765 2187 1809 2226 in
1829 2185 1994 2235 somnis,

269 2258 430 2311 elapsus
461 2260 509 2298 de
542 2272 704 2298 carcere
733 2258 775 2297 in
817 2258 961 2310 fugam
991 2271 1132 2297 versus
1166 2258 1241 2305 est,
1284 2269 1383 2295 auro
1425 2254 1604 2307 plurimo
1636 2252 1876 2294 custodibus
1907 2266 1994 2291 cor-

269 2324 416 2376 ruptis,
454 2326 493 2363 et
528 2324 681 2363 mansit
716 2324 759 2363 in
797 2321 966 2363 castello
997 2322 1231 2362 Arabionis.
1287 2319 1410 2361 Unde
1447 2320 1643 2372 scriptam
1674 2316 1893 2371 epistulam
1922 2326 2042 2369 pers

384 2442 489 2477 0an
514 2443 541 2476 T
562 2443 755 2485 (Ans-ailae)

383 2543 402 2577 1
431 2543 612 2576 cessarent
636 2542 672 2575 F
700 2543 703 2584 Ι
750 2543 773 2576 4
800 2541 891 2575 nach
916 2535 1112 2576 acciderint
1136 2544 1177 2579 -Ι-
1202 2539 1300 2572 mala
1324 2538 1368 2571 M
1395 2539 1399 2579 Ι
1433 2548 1476 2571 ea
1500 2543 1542 2574 <
1559 2536 1602 2570 M
1643 2537 1646 2579 Ι
1689 2535 1766 2580 11130
1797 2535 1826 2569 O
1865 2535 1869 2577 Ι
1904 2536 1925 2570 5
1944 2534 1994 2568 di-

270 2597 400 2632 cebant
429 2597 502 2631 ml
522 2597 686 2631 dicebam
710 2597 874 2640 Zaeaqnz·
917 2597 922 2638 Ι
968 2598 990 2630 ss
1017 2595 1190 2638 converti]
1217 2593 1386 2629 conuenti
1415 2593 1445 2627 O
1486 2594 1489 2635 Ι
1528 2593 1550 2627 8
1580 2590 1768 2625 accederet
1797 2591 1826 2625 O
1867 2592 1870 2634 Ι
1918 2602 1994 2623 ora-

269 2654 367 2688 tione
397 2654 426 2687 C
472 2654 476 2697 Ι
523 2654 635 2695 10111
662 2653 805 2687 fuerant
830 2653 875 2687 ab
902 2664 942 2686 eo
974 2663 1036 2696 per
1066 2651 1228 2695 singulas
1254 2649 1419 2684 ciuitates
1449 2649 1478 2684 O
1519 2650 1522 2691 Ι
1569 2648 1618 2682 13
1642 2646 1737 2681 waclz
1762 2647 1807 2680 ad
1832 2651 1874 2686 -Ι-
1899 2657 1942 2680 ea
1965 2646 2001 2679 F

270 2710 272 2753 Ι
317 2710 365 2744 15
390 2711 431 2743 ut
454 2716 496 2747 <
522 2709 558 2742 F
596 2709 600 2752 Ι
647 2709 696 2743 16
722 2709 883 2742 referunt
906 2709 943 2742 F
981 2711 986 2751 Ι
1030 2718 1209 2741 carcerem
1238 2706 1310 2741 GM
1349 2707 1353 2748 Ι
1399 2706 1445 2740 17
1473 2704 1670 2739 constituto
1701 2702 1774 2737 OM
1812 2703 1817 2745 Ι
1863 2702 1911 2737 18
1937 2712 1994 2735 ex-

273 2765 408 2799 cuti-ani
437 2765 509 2799 OM
529 2764 679 2798 statiani
703 2764 739 2797 F
789 2765 794 2807 Ι
852 2765 901 2799 19
928 2765 984 2808 ex]
1009 2764 1047 2797 in
1077 2763 1149 2798 GM
1199 2764 1203 2806 Ι
1249 2763 1299 2797 22
1333 2761 1511 2804 ciuitates]
1548 2760 1585 2794 iu
1610 2770 1678 2793 aus
1709 2759 1897 2793 Oorrectur
1925 2757 1955 2791 Ο
1992 2758 1993 2799 Ι

272 2822 323 2856 24
354 2821 536 2865 fugarent]
569 2820 768 2864 fatigarent
797 2820 869 2854 GM
913 2821 916 2863 Ι
961 2820 1071 2854 etiam
1102 2819 1240 2863 vocem]
1273 2829 1399 2852 uocem
1431 2817 1541 2851 etiam
1570 2816 1599 2850 G
1625 2828 1671 2846 exa
1701 2814 1750 2849 02
1780 2813 1891 2848 etiam
1914 2812 1950 2846 F
1992 2814 1994 2855 Ι

270 2877 426 2921 positum
451 2876 486 2909 F
531 2878 535 2919 Ι
581 2877 628 2910 27
657 2878 693 2910 et
717 2883 759 2913 <
784 2876 821 2909 F
866 2878 868 2919 Ι
915 2877 965 2911 28
991 2875 1233 2918 simulatoque
1262 2874 1292 2908 G
1338 2874 1342 2917 Ι
1394 2871 1684 2915 adnuntiaturos]
1718 2869 1995 2904 annuntiaturas

277 2933 347 2966 CM
387 2934 390 2975 Ι
435 2933 484 2966 29
513 2932 606 2975 611111]
632 2944 730 2965 mum
759 2932 788 2966 O
829 2934 833 2975 Ι
878 2932 1008 2976 dignus
1037 2931 1066 2965 O
