<?xml version="1.0" encoding="UTF-8"?>
<!DOCTYPE html PUBLIC "-//W3C//DTD XHTML 1.0 Transitional//EN"
    "http://www.w3.org/TR/xhtml1/DTD/xhtml1-transitional.dtd">
<html xmlns="http://www.w3.org/1999/xhtml" xml:lang="en" lang="en">
 <head>
  <title>
</title>
<meta http-equiv="Content-Type" content="text/html;charset=utf-8" />
  <meta name='ocr-system' content='tesseract 3.04.00' />
  <meta name='ocr-capabilities' content='ocr_page ocr_carea ocr_par ocr_line ocrx_word'/>
</head>
<body>
  <div class='ocr_page' id='page_1' title='image "actaarchelaihrsg00hegeuoft_0138.png"; bbox 0 0 2164 3406; ppageno 0'>
   <div class='ocr_carea' id='block_1_1' title="bbox 226 866 263 895">
    <p class='ocr_par' dir='ltr' id='par_1_1' title="bbox 226 866 263 895">
     <span class='ocr_line' id='line_1_1' title="bbox 226 866 263 895; baseline 0.081 -6"><span class='ocrx_word' id='word_1_1' title='bbox 226 866 263 895; x_wconf 68' lang='lat' dir='ltr'>ll&gt;</span> 
     </span>
    </p>
   </div>
   <div class='ocr_carea' id='block_1_2' title="bbox 220 1515 262 1549">
    <p class='ocr_par' dir='ltr' id='par_1_2' title="bbox 220 1515 262 1549">
     <span class='ocr_line' id='line_1_2' title="bbox 220 1515 262 1549; baseline -0.071 0"><span class='ocrx_word' id='word_1_2' title='bbox 220 1515 262 1549; x_wconf 66' lang='lat'>2⁴1&gt;</span> 
     </span>
    </p>
   </div>
   <div class='ocr_carea' id='block_1_3' title="bbox 218 2170 261 2202">
    <p class='ocr_par' dir='ltr' id='par_1_3' title="bbox 218 2170 261 2202">
     <span class='ocr_line' id='line_1_3' title="bbox 218 2170 261 2202; baseline -0.023 -3"><span class='ocrx_word' id='word_1_3' title='bbox 218 2170 245 2202; x_wconf 64' lang='lat'>3«</span> <span class='ocrx_word' id='word_1_4' title='bbox 257 2178 261 2198; x_wconf 64' lang='grc' dir='ltr'><em>ν</em></span> 
     </span>
    </p>
   </div>
   <div class='ocr_carea' id='block_1_4' title="bbox 290 159 1276 204">
    <p class='ocr_par' dir='ltr' id='par_1_4' title="bbox 290 159 1276 204">
     <span class='ocr_line' id='line_1_4' title="bbox 290 159 1276 204; baseline 0 -11"><span class='ocrx_word' id='word_1_5' title='bbox 290 167 311 202; x_wconf 75' lang='lat'><strong>7</strong></span> <span class='ocrx_word' id='word_1_6' title='bbox 317 165 339 204; x_wconf 80' lang='lat'>8</span> <span class='ocrx_word' id='word_1_7' title='bbox 1033 159 1276 204; x_wconf 83' lang='lat' dir='ltr'>Hegemonius</span> 
     </span>
    </p>
   </div>
   <div class='ocr_carea' id='block_1_5' title="bbox 290 270 2009 326">
    <p class='ocr_par' dir='ltr' id='par_1_5' title="bbox 290 270 2009 326">
     <span class='ocr_line' id='line_1_5' title="bbox 290 270 2009 326; baseline 0.002 -17"><span class='ocrx_word' id='word_1_8' title='bbox 290 270 519 311; x_wconf 76' lang='lat' dir='ltr'>Archelaus</span> <span class='ocrx_word' id='word_1_9' title='bbox 550 273 601 311; x_wconf 87' lang='lat' dir='ltr'>ad</span> <span class='ocrx_word' id='word_1_10' title='bbox 632 273 847 314; x_wconf 87' lang='lat' dir='ltr'>castellum</span> <span class='ocrx_word' id='word_1_11' title='bbox 878 274 988 314; x_wconf 89' lang='lat' dir='ltr'>hunc</span> <span class='ocrx_word' id='word_1_12' title='bbox 1013 273 1058 314; x_wconf 88' lang='lat' dir='ltr'>in</span> <span class='ocrx_word' id='word_1_13' title='bbox 1091 287 1172 326; x_wconf 91' lang='lat' dir='ltr'>quo</span> <span class='ocrx_word' id='word_1_14' title='bbox 1206 271 1496 311; x_wconf 70' lang='lat' dir='ltr'>demorabatur</span> <span class='ocrx_word' id='word_1_15' title='bbox 1516 271 1736 317; x_wconf 83' lang='lat' dir='ltr'>Diodorus,</span> <span class='ocrx_word' id='word_1_16' title='bbox 1768 271 2009 324; x_wconf 81' lang='lat' dir='ltr'>priusquam</span> 
     </span>
    </p>
   </div>
   <div class='ocr_carea' id='block_1_6' title="bbox 290 336 2057 391">
    <p class='ocr_par' dir='ltr' id='par_1_6' title="bbox 290 336 2057 391">
     <span class='ocr_line' id='line_1_6' title="bbox 290 336 2057 391; baseline 0.002 -17"><span class='ocrx_word' id='word_1_17' title='bbox 290 336 457 377; x_wconf 90' lang='lat' dir='ltr'>omnino</span> <span class='ocrx_word' id='word_1_18' title='bbox 489 337 708 390; x_wconf 88' lang='lat' dir='ltr'>quisquam</span> <span class='ocrx_word' id='word_1_19' title='bbox 737 340 789 378; x_wconf 90' lang='lat' dir='ltr'>ad</span> <span class='ocrx_word' id='word_1_20' title='bbox 818 339 1031 391; x_wconf 85' lang='lat' dir='ltr'>publicum</span> <span class='ocrx_word' id='word_1_21' title='bbox 1061 339 1314 391; x_wconf 87' lang='lat' dir='ltr'>procederet.</span> <span class='ocrx_word' id='word_1_22' title='bbox 1367 336 1510 377; x_wconf 84' lang='lat' dir='ltr'>Manes</span> <span class='ocrx_word' id='word_1_23' title='bbox 1540 351 1637 377; x_wconf 90' lang='lat' dir='ltr'>vero</span> <span class='ocrx_word' id='word_1_24' title='bbox 1666 337 1864 389; x_wconf 86' lang='lat' dir='ltr'>ignorans</span> <span class='ocrx_word' id='word_1_25' title='bbox 1894 351 2008 390; x_wconf 89' lang='lat' dir='ltr'>prae·</span> <span class='ocrx_word' id='word_1_26' title='bbox 2037 343 2057 376; x_wconf 72' lang='lat'><strong>2</strong></span> 
     </span>
    </p>
   </div>
   <div class='ocr_carea' id='block_1_7' title="bbox 290 401 2009 520">
    <p class='ocr_par' dir='ltr' id='par_1_7' title="bbox 290 401 2009 520">
     <span class='ocr_line' id='line_1_7' title="bbox 290 401 2009 454; baseline 0.001 -14"><span class='ocrx_word' id='word_1_27' title='bbox 290 403 446 441; x_wconf 87' lang='lat' dir='ltr'>sentem</span> <span class='ocrx_word' id='word_1_28' title='bbox 479 416 566 443; x_wconf 89' lang='lat' dir='ltr'>esse</span> <span class='ocrx_word' id='word_1_29' title='bbox 596 402 856 453; x_wconf 84' lang='lat' dir='ltr'>Archelaum,</span> <span class='ocrx_word' id='word_1_30' title='bbox 886 419 1051 445; x_wconf 85' lang='lat' dir='ltr'>rursum</span> <span class='ocrx_word' id='word_1_31' title='bbox 1081 403 1313 444; x_wconf 87' lang='lat' dir='ltr'>Diodorum</span> <span class='ocrx_word' id='word_1_32' title='bbox 1342 403 1595 454; x_wconf 87' lang='lat' dir='ltr'>provocabat</span> <span class='ocrx_word' id='word_1_33' title='bbox 1624 404 1675 442; x_wconf 90' lang='lat' dir='ltr'>ad</span> <span class='ocrx_word' id='word_1_34' title='bbox 1703 401 1934 454; x_wconf 75' lang='lat' dir='ltr'>publicum,</span> <span class='ocrx_word' id='word_1_35' title='bbox 1964 406 2009 442; x_wconf 78' lang='lat' dir='ltr'>ut</span> 
     </span>
     <span class='ocr_line' id='line_1_8' title="bbox 291 467 2009 520; baseline 0.001 -14"><span class='ocrx_word' id='word_1_36' title='bbox 291 480 382 506; x_wconf 89' lang='lat' dir='ltr'>cum</span> <span class='ocrx_word' id='word_1_37' title='bbox 416 481 462 507; x_wconf 85' lang='lat' dir='ltr'>eo</span> <span class='ocrx_word' id='word_1_38' title='bbox 493 467 772 520; x_wconf 88' lang='lat' dir='ltr'>disputatione</span> <span class='ocrx_word' id='word_1_39' title='bbox 815 471 1096 517; x_wconf 75' lang='lat' dir='ltr'>contenderet,</span> <span class='ocrx_word' id='word_1_40' title='bbox 1133 467 1274 509; x_wconf 88' lang='lat' dir='ltr'>volens</span> <span class='ocrx_word' id='word_1_41' title='bbox 1317 481 1410 507; x_wconf 90' lang='lat' dir='ltr'>eum</span> <span class='ocrx_word' id='word_1_42' title='bbox 1437 467 1573 508; x_wconf 88' lang='lat' dir='ltr'>verbis</span> <span class='ocrx_word' id='word_1_43' title='bbox 1603 468 1851 520; x_wconf 78' lang='lat' dir='ltr'>opprimere,</span> <span class='ocrx_word' id='word_1_44' title='bbox 1883 482 1931 507; x_wconf 82' lang='lat' dir='ltr'>ex</span> <span class='ocrx_word' id='word_1_45' title='bbox 1963 483 2009 508; x_wconf 83' lang='lat' dir='ltr'>eo</span> 
     </span>
    </p>
   </div>
   <div class='ocr_carea' id='block_1_8' title="bbox 245 531 2009 586">
    <p class='ocr_par' dir='ltr' id='par_1_8' title="bbox 245 531 2009 586">
     <span class='ocr_line' id='line_1_9' title="bbox 245 531 2009 586; baseline 0.001 -15"><span class='ocrx_word' id='word_1_46' title='bbox 245 537 260 565; x_wconf 68' lang='grc' dir='ltr'><em>Γ</em></span> <span class='ocrx_word' id='word_1_47' title='bbox 291 534 400 583; x_wconf 89' lang='lat' dir='ltr'>quod</span> <span class='ocrx_word' id='word_1_48' title='bbox 431 533 671 573; x_wconf 68' lang='lat' dir='ltr'>advertebat</span> <span class='ocrx_word' id='word_1_49' title='bbox 701 548 793 573; x_wconf 91' lang='lat' dir='ltr'>eum</span> <span class='ocrx_word' id='word_1_50' title='bbox 823 535 1033 575; x_wconf 86' lang='lat' dir='ltr'>hominem</span> <span class='ocrx_word' id='word_1_51' title='bbox 1064 547 1151 574; x_wconf 88' lang='lat' dir='ltr'>esse</span> <span class='ocrx_word' id='word_1_52' title='bbox 1180 531 1408 585; x_wconf 77' lang='lat' dir='ltr'>simplicem</span> <span class='ocrx_word' id='word_1_53' title='bbox 1431 535 1471 572; x_wconf 93' lang='lat' dir='ltr'>et</span> <span class='ocrx_word' id='word_1_54' title='bbox 1490 546 1574 572; x_wconf 89' lang='lat' dir='ltr'>non</span> <span class='ocrx_word' id='word_1_55' title='bbox 1595 533 1692 573; x_wconf 88' lang='lat' dir='ltr'>satis</span> <span class='ocrx_word' id='word_1_56' title='bbox 1714 533 2009 586; x_wconf 86' lang='lat' dir='ltr'>scripturarum</span> 
     </span>
    </p>
   </div>
   <div class='ocr_carea' id='block_1_9' title="bbox 287 597 2044 1044">
    <p class='ocr_par' dir='ltr' id='par_1_9' title="bbox 287 597 2044 1044">
     <span class='ocr_line' id='line_1_10' title="bbox 291 597 2010 652; baseline 0.001 -16"><span class='ocrx_word' id='word_1_57' title='bbox 291 598 600 649; x_wconf 82' lang='lat' dir='ltr'>quaestionibus</span> <span class='ocrx_word' id='word_1_58' title='bbox 632 598 853 646; x_wconf 84' lang='lat' dir='ltr'>eruditum;</span> <span class='ocrx_word' id='word_1_59' title='bbox 885 599 1080 640; x_wconf 76' lang='lat' dir='ltr'>Archelai</span> <span class='ocrx_word' id='word_1_60' title='bbox 1102 599 1210 639; x_wconf 89' lang='lat' dir='ltr'>enim</span> <span class='ocrx_word' id='word_1_61' title='bbox 1233 597 1443 638; x_wconf 86' lang='lat' dir='ltr'>doctrinae</span> <span class='ocrx_word' id='word_1_62' title='bbox 1470 598 1552 637; x_wconf 88' lang='lat' dir='ltr'>iam</span> <span class='ocrx_word' id='word_1_63' title='bbox 1572 602 1812 651; x_wconf 80' lang='lat' dir='ltr'>perceperat</span> <span class='ocrx_word' id='word_1_64' title='bbox 1832 602 2010 652; x_wconf 80' lang='lat' dir='ltr'>gustum.</span> 
     </span>
     <span class='ocr_line' id='line_1_11' title="bbox 290 661 2044 716; baseline 0.002 -14"><span class='ocrx_word' id='word_1_65' title='bbox 290 661 393 703; x_wconf 84' lang='lat' dir='ltr'>Cum</span> <span class='ocrx_word' id='word_1_66' title='bbox 425 676 522 715; x_wconf 76' lang='lat' dir='ltr'>ergo</span> <span class='ocrx_word' id='word_1_67' title='bbox 554 667 593 703; x_wconf 90' lang='lat' dir='ltr'>et</span> <span class='ocrx_word' id='word_1_68' title='bbox 623 665 767 703; x_wconf 81' lang='lat' dir='ltr'>turbae</span> <span class='ocrx_word' id='word_1_69' title='bbox 799 666 1088 706; x_wconf 88' lang='lat' dir='ltr'>convenissent</span> <span class='ocrx_word' id='word_1_70' title='bbox 1115 666 1167 703; x_wconf 90' lang='lat' dir='ltr'>ad</span> <span class='ocrx_word' id='word_1_71' title='bbox 1193 663 1361 704; x_wconf 87' lang='lat' dir='ltr'>solitum</span> <span class='ocrx_word' id='word_1_72' title='bbox 1385 663 1675 716; x_wconf 82' lang='lat' dir='ltr'>disputationis</span> <span class='ocrx_word' id='word_1_73' title='bbox 1696 663 1834 704; x_wconf 90' lang='lat' dir='ltr'>locum</span> <span class='ocrx_word' id='word_1_74' title='bbox 1864 668 1904 705; x_wconf 92' lang='lat' dir='ltr'>et</span> <span class='ocrx_word' id='word_1_75' title='bbox 1924 665 2008 705; x_wconf 88' lang='lat' dir='ltr'>Ma·</span> <span class='ocrx_word' id='word_1_76' title='bbox 2036 672 2044 699; x_wconf 70' lang='grc' dir='ltr'>ἒ</span> 
     </span>
     <span class='ocr_line' id='line_1_12' title="bbox 289 728 2010 782; baseline 0.002 -15"><span class='ocrx_word' id='word_1_77' title='bbox 289 743 361 769; x_wconf 88' lang='lat' dir='ltr'>nes</span> <span class='ocrx_word' id='word_1_78' title='bbox 390 728 473 768; x_wconf 89' lang='lat' dir='ltr'>iam</span> <span class='ocrx_word' id='word_1_79' title='bbox 502 728 628 768; x_wconf 89' lang='lat' dir='ltr'>verba</span> <span class='ocrx_word' id='word_1_80' title='bbox 658 729 792 769; x_wconf 88' lang='lat' dir='ltr'>facere</span> <span class='ocrx_word' id='word_1_81' title='bbox 824 729 1036 782; x_wconf 86' lang='lat' dir='ltr'>coepisset,</span> <span class='ocrx_word' id='word_1_82' title='bbox 1068 729 1205 770; x_wconf 88' lang='lat' dir='ltr'>subito</span> <span class='ocrx_word' id='word_1_83' title='bbox 1236 728 1277 768; x_wconf 91' lang='lat' dir='ltr'>in</span> <span class='ocrx_word' id='word_1_84' title='bbox 1307 728 1444 769; x_wconf 88' lang='lat' dir='ltr'>medio</span> <span class='ocrx_word' id='word_1_85' title='bbox 1476 743 1617 770; x_wconf 92' lang='lat' dir='ltr'>eorum</span> <span class='ocrx_word' id='word_1_86' title='bbox 1648 730 1838 781; x_wconf 87' lang='lat' dir='ltr'>adparuit</span> <span class='ocrx_word' id='word_1_87' title='bbox 1859 730 2010 770; x_wconf 85' lang='lat' dir='ltr'>Arche-</span> 
     </span>
     <span class='ocr_line' id='line_1_13' title="bbox 287 793 2011 847; baseline 0.001 -14"><span class='ocrx_word' id='word_1_88' title='bbox 287 793 377 833; x_wconf 87' lang='lat' dir='ltr'>laus</span> <span class='ocrx_word' id='word_1_89' title='bbox 407 808 455 834; x_wconf 87' lang='lat' dir='ltr'>ac</span> <span class='ocrx_word' id='word_1_90' title='bbox 485 793 717 834; x_wconf 89' lang='lat' dir='ltr'>Diodorum</span> <span class='ocrx_word' id='word_1_91' title='bbox 748 794 974 847; x_wconf 80' lang='lat' dir='ltr'>conplexus</span> <span class='ocrx_word' id='word_1_92' title='bbox 1011 798 1153 835; x_wconf 88' lang='lat' dir='ltr'>sancto</span> <span class='ocrx_word' id='word_1_93' title='bbox 1185 793 1327 834; x_wconf 88' lang='lat' dir='ltr'>osculo</span> <span class='ocrx_word' id='word_1_94' title='bbox 1358 793 1563 834; x_wconf 88' lang='lat' dir='ltr'>salutavit.</span> <span class='ocrx_word' id='word_1_95' title='bbox 1605 794 1814 835; x_wconf 87' lang='lat' dir='ltr'>Diodorus</span> <span class='ocrx_word' id='word_1_96' title='bbox 1842 809 1938 836; x_wconf 90' lang='lat' dir='ltr'>vero</span> <span class='ocrx_word' id='word_1_97' title='bbox 1973 800 2011 835; x_wconf 82' lang='lat' dir='ltr'>et</span> 
     </span>
     <span class='ocr_line' id='line_1_14' title="bbox 288 859 2011 912; baseline 0.001 -13"><span class='ocrx_word' id='word_1_98' title='bbox 288 874 430 900; x_wconf 89' lang='lat' dir='ltr'>omnes</span> <span class='ocrx_word' id='word_1_99' title='bbox 462 859 533 912; x_wconf 90' lang='lat' dir='ltr'>qui</span> <span class='ocrx_word' id='word_1_100' title='bbox 562 862 797 912; x_wconf 85' lang='lat' dir='ltr'>praesentes</span> <span class='ocrx_word' id='word_1_101' title='bbox 830 862 946 900; x_wconf 83' lang='lat' dir='ltr'>erant</span> <span class='ocrx_word' id='word_1_102' title='bbox 976 860 1168 900; x_wconf 85' lang='lat' dir='ltr'>admirati</span> <span class='ocrx_word' id='word_1_103' title='bbox 1198 863 1294 901; x_wconf 90' lang='lat' dir='ltr'>sunt</span> <span class='ocrx_word' id='word_1_104' title='bbox 1324 874 1427 912; x_wconf 87' lang='lat' dir='ltr'>opus</span> <span class='ocrx_word' id='word_1_105' title='bbox 1461 859 1623 899; x_wconf 87' lang='lat' dir='ltr'>divinae</span> <span class='ocrx_word' id='word_1_106' title='bbox 1644 859 1936 912; x_wconf 83' lang='lat' dir='ltr'>providentiae,</span> <span class='ocrx_word' id='word_1_107' title='bbox 1966 865 2011 901; x_wconf 78' lang='lat' dir='ltr'>ut</span> 
     </span>
     <span class='ocr_line' id='line_1_15' title="bbox 287 925 2010 978; baseline 0.002 -15"><span class='ocrx_word' id='word_1_108' title='bbox 287 925 327 964; x_wconf 91' lang='lat' dir='ltr'>in</span> <span class='ocrx_word' id='word_1_109' title='bbox 358 928 545 978; x_wconf 90' lang='lat' dir='ltr'>tempore</span> <span class='ocrx_word' id='word_1_110' title='bbox 576 925 666 978; x_wconf 90' lang='lat' dir='ltr'>ipso</span> <span class='ocrx_word' id='word_1_111' title='bbox 699 927 941 966; x_wconf 87' lang='lat' dir='ltr'>adventaret</span> <span class='ocrx_word' id='word_1_112' title='bbox 961 925 1192 966; x_wconf 84' lang='lat' dir='ltr'>Archelaus</span> <span class='ocrx_word' id='word_1_113' title='bbox 1225 940 1305 978; x_wconf 89' lang='lat' dir='ltr'>quo</span> <span class='ocrx_word' id='word_1_114' title='bbox 1341 925 1526 978; x_wconf 84' lang='lat' dir='ltr'>quaestio</span> <span class='ocrx_word' id='word_1_115' title='bbox 1548 927 1807 974; x_wconf 65' lang='lat' dir='ltr'>movebatur,</span> <span class='ocrx_word' id='word_1_116' title='bbox 1837 941 1881 967; x_wconf 88' lang='lat' dir='ltr'>re</span> <span class='ocrx_word' id='word_1_117' title='bbox 1903 926 2010 966; x_wconf 89' lang='lat' dir='ltr'>enim</span> 
     </span>
     <span class='ocr_line' id='line_1_16' title="bbox 290 990 2009 1044; baseline 0.001 -14"><span class='ocrx_word' id='word_1_118' title='bbox 290 1006 394 1040; x_wconf 88' lang='lat' dir='ltr'>vera,</span> <span class='ocrx_word' id='word_1_119' title='bbox 428 990 537 1043; x_wconf 91' lang='lat' dir='ltr'>quod</span> <span class='ocrx_word' id='word_1_120' title='bbox 569 990 781 1031; x_wconf 87' lang='lat' dir='ltr'>fatendum</span> <span class='ocrx_word' id='word_1_121' title='bbox 813 994 885 1039; x_wconf 82' lang='lat' dir='ltr'>est,</span> <span class='ocrx_word' id='word_1_122' title='bbox 916 990 1034 1043; x_wconf 84' lang='lat' dir='ltr'>quasi</span> <span class='ocrx_word' id='word_1_123' title='bbox 1065 1006 1112 1031; x_wconf 80' lang='lat' dir='ltr'>ex</span> <span class='ocrx_word' id='word_1_124' title='bbox 1142 994 1257 1044; x_wconf 88' lang='lat' dir='ltr'>parte</span> <span class='ocrx_word' id='word_1_125' title='bbox 1288 990 1427 1044; x_wconf 83' lang='lat' dir='ltr'>aliqua</span> <span class='ocrx_word' id='word_1_126' title='bbox 1450 990 1669 1044; x_wconf 78' lang='lat' dir='ltr'>religiosus</span> <span class='ocrx_word' id='word_1_127' title='bbox 1690 991 1898 1032; x_wconf 89' lang='lat' dir='ltr'>Diodorus</span> <span class='ocrx_word' id='word_1_128' title='bbox 1918 1005 2009 1044; x_wconf 89' lang='lat' dir='ltr'>per-</span> 
     </span>
    </p>
   </div>
   <div class='ocr_carea' id='block_1_10' title="bbox 2039 668 2056 685">
    <p class='ocr_par' dir='ltr' id='par_1_10' title="bbox 2039 668 2056 685">
     <span class='ocr_line' id='line_1_17' title="bbox 2039 668 2056 685; baseline 0 0"><span class='ocrx_word' id='word_1_129' title='bbox 2039 668 2056 685; x_wconf 72' lang='lat' dir='ltr'>j</span> 
     </span>
    </p>
   </div>
   <div class='ocr_carea' id='block_1_11' title="bbox 2046 686 2058 701">
    <p class='ocr_par' dir='ltr' id='par_1_11' title="bbox 2046 686 2058 701">
     <span class='ocr_line' id='line_1_18' title="bbox 2046 686 2058 701; baseline 0 0"><span class='ocrx_word' id='word_1_130' title='bbox 2046 686 2058 701; x_wconf 73' lang='lat'><em>1</em></span> 
     </span>
    </p>
   </div>
   <div class='ocr_carea' id='block_1_12' title="bbox 288 1055 2058 1110">
    <p class='ocr_par' dir='ltr' id='par_1_12' title="bbox 288 1055 2058 1110">
     <span class='ocr_line' id='line_1_19' title="bbox 288 1055 2058 1110; baseline -0.001 -14"><span class='ocrx_word' id='word_1_131' title='bbox 288 1058 482 1096; x_wconf 85' lang='lat' dir='ltr'>timuerat</span> <span class='ocrx_word' id='word_1_132' title='bbox 503 1055 753 1097; x_wconf 86' lang='lat' dir='ltr'>conflictum.</span> <span class='ocrx_word' id='word_1_133' title='bbox 796 1055 899 1097; x_wconf 87' lang='lat' dir='ltr'>Cum</span> <span class='ocrx_word' id='word_1_134' title='bbox 922 1059 1058 1096; x_wconf 89' lang='lat' dir='ltr'>autem</span> <span class='ocrx_word' id='word_1_135' title='bbox 1078 1057 1249 1097; x_wconf 87' lang='lat' dir='ltr'>vidisset</span> <span class='ocrx_word' id='word_1_136' title='bbox 1269 1056 1521 1097; x_wconf 84' lang='lat' dir='ltr'>Archelaum</span> <span class='ocrx_word' id='word_1_137' title='bbox 1543 1055 1697 1106; x_wconf 82' lang='lat' dir='ltr'>Manes,</span> <span class='ocrx_word' id='word_1_138' title='bbox 1727 1057 1900 1098; x_wconf 88' lang='lat' dir='ltr'>cessavit</span> <span class='ocrx_word' id='word_1_139' title='bbox 1922 1058 2009 1110; x_wconf 89' lang='lat' dir='ltr'>qui-</span> <span class='ocrx_word' id='word_1_140' title='bbox 2035 1062 2058 1095; x_wconf 67' lang='lat'>4</span> 
     </span>
    </p>
   </div>
   <div class='ocr_carea' id='block_1_13' title="bbox 289 1121 2009 1174">
    <p class='ocr_par' dir='ltr' id='par_1_13' title="bbox 289 1121 2009 1174">
     <span class='ocr_line' id='line_1_20' title="bbox 289 1121 2009 1174; baseline 0.001 -13"><span class='ocrx_word' id='word_1_141' title='bbox 289 1124 381 1162; x_wconf 87' lang='lat' dir='ltr'>dem</span> <span class='ocrx_word' id='word_1_142' title='bbox 413 1122 608 1163; x_wconf 87' lang='lat' dir='ltr'>continuo</span> <span class='ocrx_word' id='word_1_143' title='bbox 652 1122 701 1161; x_wconf 90' lang='lat' dir='ltr'>ab</span> <span class='ocrx_word' id='word_1_144' title='bbox 744 1121 1013 1162; x_wconf 87' lang='lat' dir='ltr'>insultatione</span> <span class='ocrx_word' id='word_1_145' title='bbox 1050 1124 1089 1162; x_wconf 84' lang='lat' dir='ltr'>et</span> <span class='ocrx_word' id='word_1_146' title='bbox 1119 1122 1339 1174; x_wconf 90' lang='lat' dir='ltr'>supercilio</span> <span class='ocrx_word' id='word_1_147' title='bbox 1376 1136 1457 1162; x_wconf 88' lang='lat' dir='ltr'>non</span> <span class='ocrx_word' id='word_1_148' title='bbox 1494 1137 1640 1174; x_wconf 87' lang='lat' dir='ltr'>parum</span> <span class='ocrx_word' id='word_1_149' title='bbox 1682 1123 1840 1163; x_wconf 89' lang='lat' dir='ltr'>deiecto</span> <span class='ocrx_word' id='word_1_150' title='bbox 1882 1123 2009 1163; x_wconf 90' lang='lat' dir='ltr'>mani-</span> 
     </span>
    </p>
   </div>
   <div class='ocr_carea' id='block_1_14' title="bbox 242 1186 2008 1240">
    <p class='ocr_par' dir='ltr' id='par_1_14' title="bbox 242 1186 2008 1240">
     <span class='ocr_line' id='line_1_21' title="bbox 242 1186 2008 1240; baseline -0.001 -13"><span class='ocrx_word' id='word_1_151' title='bbox 242 1190 257 1220; x_wconf 68' lang='grc'><em>7</em></span> <span class='ocrx_word' id='word_1_152' title='bbox 289 1187 393 1227; x_wconf 90' lang='lat' dir='ltr'>feste</span> <span class='ocrx_word' id='word_1_153' title='bbox 434 1186 757 1239; x_wconf 77' lang='lat' dir='ltr'>intellegebatur</span> <span class='ocrx_word' id='word_1_154' title='bbox 800 1189 910 1240; x_wconf 89' lang='lat' dir='ltr'>quod</span> <span class='ocrx_word' id='word_1_155' title='bbox 953 1187 1194 1228; x_wconf 87' lang='lat' dir='ltr'>conflictum</span> <span class='ocrx_word' id='word_1_156' title='bbox 1232 1187 1358 1228; x_wconf 87' lang='lat' dir='ltr'>vellet</span> <span class='ocrx_word' id='word_1_157' title='bbox 1400 1186 1592 1240; x_wconf 80' lang='lat' dir='ltr'>effugere.</span> <span class='ocrx_word' id='word_1_158' title='bbox 1649 1187 1876 1228; x_wconf 88' lang='lat' dir='ltr'>Multitudo</span> <span class='ocrx_word' id='word_1_159' title='bbox 1912 1203 2008 1229; x_wconf 76' lang='lat' dir='ltr'>vero</span> 
     </span>
    </p>
   </div>
   <div class='ocr_carea' id='block_1_15' title="bbox 286 1251 2010 1371">
    <p class='ocr_par' dir='ltr' id='par_1_15' title="bbox 286 1251 2010 1371">
     <span class='ocr_line' id='line_1_22' title="bbox 289 1251 2010 1306; baseline 0.003 -15"><span class='ocrx_word' id='word_1_160' title='bbox 289 1252 523 1292; x_wconf 86' lang='lat' dir='ltr'>auditorum</span> <span class='ocrx_word' id='word_1_161' title='bbox 566 1251 787 1292; x_wconf 86' lang='lat' dir='ltr'>adventum</span> <span class='ocrx_word' id='word_1_162' title='bbox 825 1252 1019 1293; x_wconf 85' lang='lat' dir='ltr'>Archelai</span> <span class='ocrx_word' id='word_1_163' title='bbox 1055 1253 1170 1293; x_wconf 86' lang='lat' dir='ltr'>velut</span> <span class='ocrx_word' id='word_1_164' title='bbox 1209 1253 1386 1305; x_wconf 88' lang='lat' dir='ltr'>apostoli</span> <span class='ocrx_word' id='word_1_165' title='bbox 1427 1254 1699 1305; x_wconf 85' lang='lat' dir='ltr'>praesentiam</span> <span class='ocrx_word' id='word_1_166' title='bbox 1731 1254 1898 1306; x_wconf 85' lang='lat' dir='ltr'>opinata</span> <span class='ocrx_word' id='word_1_167' title='bbox 1939 1259 2010 1296; x_wconf 80' lang='lat' dir='ltr'>est.</span> 
     </span>
     <span class='ocr_line' id='line_1_23' title="bbox 286 1318 2009 1371; baseline 0.002 -14"><span class='ocrx_word' id='word_1_168' title='bbox 286 1333 361 1370; x_wconf 87' lang='lat' dir='ltr'>pro</span> <span class='ocrx_word' id='word_1_169' title='bbox 394 1333 440 1359; x_wconf 90' lang='lat' dir='ltr'>eo</span> <span class='ocrx_word' id='word_1_170' title='bbox 474 1320 584 1370; x_wconf 89' lang='lat' dir='ltr'>quod</span> <span class='ocrx_word' id='word_1_171' title='bbox 616 1320 666 1357; x_wconf 89' lang='lat' dir='ltr'>ad</span> <span class='ocrx_word' id='word_1_172' title='bbox 696 1318 811 1358; x_wconf 85' lang='lat' dir='ltr'>verbi</span> <span class='ocrx_word' id='word_1_173' title='bbox 853 1318 1135 1359; x_wconf 86' lang='lat' dir='ltr'>defensionem</span> <span class='ocrx_word' id='word_1_174' title='bbox 1164 1321 1249 1358; x_wconf 90' lang='lat' dir='ltr'>tam</span> <span class='ocrx_word' id='word_1_175' title='bbox 1279 1320 1445 1370; x_wconf 89' lang='lat' dir='ltr'>paratus</span> <span class='ocrx_word' id='word_1_176' title='bbox 1477 1320 1518 1358; x_wconf 84' lang='lat' dir='ltr'>et</span> <span class='ocrx_word' id='word_1_177' title='bbox 1547 1320 1632 1358; x_wconf 84' lang='lat' dir='ltr'>tam</span> <span class='ocrx_word' id='word_1_178' title='bbox 1661 1321 1876 1371; x_wconf 86' lang='lat' dir='ltr'>promptus</span> <span class='ocrx_word' id='word_1_179' title='bbox 1907 1319 2009 1361; x_wconf 79' lang='lat' dir='ltr'>exis-</span> 
     </span>
    </p>
   </div>
   <div class='ocr_carea' id='block_1_16' title="bbox 287 1383 2056 1437">
    <p class='ocr_par' dir='ltr' id='par_1_16' title="bbox 287 1383 2056 1437">
     <span class='ocr_line' id='line_1_24' title="bbox 287 1383 2056 1437; baseline 0 -15"><span class='ocrx_word' id='word_1_180' title='bbox 287 1386 400 1424; x_wconf 85' lang='lat' dir='ltr'>teret.</span> <span class='ocrx_word' id='word_1_181' title='bbox 458 1383 514 1423; x_wconf 68' lang='lat' dir='ltr'>Et</span> <span class='ocrx_word' id='word_1_182' title='bbox 544 1397 637 1424; x_wconf 86' lang='lat' dir='ltr'>cum</span> <span class='ocrx_word' id='word_1_183' title='bbox 669 1385 835 1424; x_wconf 83' lang='lat' dir='ltr'>dextera</span> <span class='ocrx_word' id='word_1_184' title='bbox 866 1383 1077 1423; x_wconf 88' lang='lat' dir='ltr'>silentium</span> <span class='ocrx_word' id='word_1_185' title='bbox 1106 1384 1367 1437; x_wconf 84' lang='lat' dir='ltr'>poposcisset</span> <span class='ocrx_word' id='word_1_186' title='bbox 1396 1398 1419 1422; x_wconf 91' lang='lat' dir='ltr'>a</span> <span class='ocrx_word' id='word_1_187' title='bbox 1448 1383 1602 1436; x_wconf 90' lang='lat' dir='ltr'>populo</span> <span class='ocrx_word' id='word_1_188' title='bbox 1645 1384 1864 1435; x_wconf 88' lang='lat' dir='ltr'>(tumultus</span> <span class='ocrx_word' id='word_1_189' title='bbox 1903 1385 2009 1425; x_wconf 89' lang='lat' dir='ltr'>enim</span> <span class='ocrx_word' id='word_1_190' title='bbox 2035 1388 2056 1422; x_wconf 77' lang='grc' dir='ltr'><em>ὃ</em></span> 
     </span>
    </p>
   </div>
   <div class='ocr_carea' id='block_1_17' title="bbox 286 1448 2044 1956">
    <p class='ocr_par' dir='ltr' id='par_1_17' title="bbox 286 1448 2044 1956">
     <span class='ocr_line' id='line_1_25' title="bbox 286 1448 2010 1502; baseline 0.002 -14"><span class='ocrx_word' id='word_1_191' title='bbox 286 1463 368 1489; x_wconf 89' lang='lat' dir='ltr'>non</span> <span class='ocrx_word' id='word_1_192' title='bbox 392 1449 611 1489; x_wconf 89' lang='lat' dir='ltr'>mediocris</span> <span class='ocrx_word' id='word_1_193' title='bbox 642 1449 861 1499; x_wconf 76' lang='lat' dir='ltr'>extiterat),</span> <span class='ocrx_word' id='word_1_194' title='bbox 893 1450 971 1489; x_wconf 90' lang='lat' dir='ltr'>hoc</span> <span class='ocrx_word' id='word_1_195' title='bbox 1001 1453 1124 1489; x_wconf 88' lang='lat' dir='ltr'>modo</span> <span class='ocrx_word' id='word_1_196' title='bbox 1156 1450 1293 1502; x_wconf 88' lang='lat' dir='ltr'>coepit</span> <span class='ocrx_word' id='word_1_197' title='bbox 1323 1449 1564 1490; x_wconf 87' lang='lat' dir='ltr'>Archelaus.</span> <span class='ocrx_word' id='word_1_198' title='bbox 1622 1448 1805 1490; x_wconf 86' lang='lat' dir='ltr'>Tametsi</span> <span class='ocrx_word' id='word_1_199' title='bbox 1834 1452 2010 1502; x_wconf 88' lang='lat' dir='ltr'>pruden-</span> 
     </span>
     <span class='ocr_line' id='line_1_26' title="bbox 286 1513 2009 1566; baseline 0.002 -14"><span class='ocrx_word' id='word_1_200' title='bbox 286 1513 367 1554; x_wconf 82' lang='lat' dir='ltr'>tiae</span> <span class='ocrx_word' id='word_1_201' title='bbox 398 1513 573 1566; x_wconf 67' lang='lat' dir='ltr'>gloriam</span> <span class='ocrx_word' id='word_1_202' title='bbox 604 1514 727 1554; x_wconf 86' lang='lat' dir='ltr'>etiam</span> <span class='ocrx_word' id='word_1_203' title='bbox 757 1518 993 1555; x_wconf 88' lang='lat' dir='ltr'>nostrorum</span> <span class='ocrx_word' id='word_1_204' title='bbox 1025 1514 1215 1555; x_wconf 89' lang='lat' dir='ltr'>nonnulli</span> <span class='ocrx_word' id='word_1_205' title='bbox 1245 1515 1429 1555; x_wconf 88' lang='lat' dir='ltr'>adsecuti</span> <span class='ocrx_word' id='word_1_206' title='bbox 1449 1518 1556 1564; x_wconf 82' lang='lat' dir='ltr'>sunt,</span> <span class='ocrx_word' id='word_1_207' title='bbox 1586 1518 1724 1555; x_wconf 85' lang='lat' dir='ltr'>tamen</span> <span class='ocrx_word' id='word_1_208' title='bbox 1750 1516 1828 1556; x_wconf 87' lang='lat' dir='ltr'>hoc</span> <span class='ocrx_word' id='word_1_209' title='bbox 1848 1530 1921 1556; x_wconf 85' lang='lat' dir='ltr'>vos</span> <span class='ocrx_word' id='word_1_210' title='bbox 1943 1518 2009 1557; x_wconf 87' lang='lat' dir='ltr'>de-</span> 
     </span>
     <span class='ocr_line' id='line_1_27' title="bbox 286 1580 2044 1633; baseline 0 -14"><span class='ocrx_word' id='word_1_211' title='bbox 286 1593 431 1631; x_wconf 87' lang='lat' dir='ltr'>precor</span> <span class='ocrx_word' id='word_1_212' title='bbox 460 1582 506 1619; x_wconf 87' lang='lat' dir='ltr'>ut</span> <span class='ocrx_word' id='word_1_213' title='bbox 537 1594 678 1620; x_wconf 87' lang='lat' dir='ltr'>eorum</span> <span class='ocrx_word' id='word_1_214' title='bbox 710 1594 814 1633; x_wconf 87' lang='lat' dir='ltr'>quae</span> <span class='ocrx_word' id='word_1_215' title='bbox 846 1583 940 1620; x_wconf 87' lang='lat' dir='ltr'>ante</span> <span class='ocrx_word' id='word_1_216' title='bbox 970 1595 1035 1620; x_wconf 88' lang='lat' dir='ltr'>me</span> <span class='ocrx_word' id='word_1_217' title='bbox 1067 1580 1176 1620; x_wconf 86' lang='lat' dir='ltr'>dicta</span> <span class='ocrx_word' id='word_1_218' title='bbox 1207 1582 1302 1621; x_wconf 90' lang='lat' dir='ltr'>sunt</span> <span class='ocrx_word' id='word_1_219' title='bbox 1331 1580 1614 1621; x_wconf 87' lang='lat' dir='ltr'>testimonium</span> <span class='ocrx_word' id='word_1_220' title='bbox 1636 1581 1863 1622; x_wconf 85' lang='lat' dir='ltr'>reservetis.</span> <span class='ocrx_word' id='word_1_221' title='bbox 1916 1580 2008 1622; x_wconf 81' lang='lat' dir='ltr'>Scio</span> <span class='ocrx_word' id='word_1_222' title='bbox 2035 1590 2044 1619; x_wconf 68' lang='lat'>1</span> 
     </span>
     <span class='ocr_line' id='line_1_28' title="bbox 287 1645 2010 1699; baseline 0.002 -15"><span class='ocrx_word' id='word_1_223' title='bbox 287 1645 394 1685; x_wconf 88' lang='lat' dir='ltr'>enim</span> <span class='ocrx_word' id='word_1_224' title='bbox 425 1648 464 1685; x_wconf 93' lang='lat' dir='ltr'>et</span> <span class='ocrx_word' id='word_1_225' title='bbox 494 1647 628 1685; x_wconf 89' lang='lat' dir='ltr'>certus</span> <span class='ocrx_word' id='word_1_226' title='bbox 671 1660 781 1696; x_wconf 87' lang='lat' dir='ltr'>sum,</span> <span class='ocrx_word' id='word_1_227' title='bbox 825 1645 988 1695; x_wconf 88' lang='lat' dir='ltr'>fratres,</span> <span class='ocrx_word' id='word_1_228' title='bbox 1020 1645 1215 1699; x_wconf 88' lang='lat' dir='ltr'>quoniam</span> <span class='ocrx_word' id='word_1_229' title='bbox 1244 1645 1429 1686; x_wconf 91' lang='lat' dir='ltr'>Diodoro</span> <span class='ocrx_word' id='word_1_230' title='bbox 1461 1660 1543 1686; x_wconf 90' lang='lat' dir='ltr'>non</span> <span class='ocrx_word' id='word_1_231' title='bbox 1573 1660 1646 1698; x_wconf 89' lang='lat' dir='ltr'>pro</span> <span class='ocrx_word' id='word_1_232' title='bbox 1676 1646 1805 1699; x_wconf 88' lang='lat' dir='ltr'>ipsius</span> <span class='ocrx_word' id='word_1_233' title='bbox 1835 1646 2010 1699; x_wconf 84' lang='lat' dir='ltr'>inpossi-</span> 
     </span>
     <span class='ocr_line' id='line_1_29' title="bbox 286 1710 2009 1764; baseline 0.002 -14"><span class='ocrx_word' id='word_1_234' title='bbox 286 1710 448 1750; x_wconf 87' lang='lat' dir='ltr'>bilitate</span> <span class='ocrx_word' id='word_1_235' title='bbox 490 1710 685 1760; x_wconf 78' lang='lat' dir='ltr'>successi,</span> <span class='ocrx_word' id='word_1_236' title='bbox 728 1713 798 1751; x_wconf 88' lang='lat' dir='ltr'>sed</span> <span class='ocrx_word' id='word_1_237' title='bbox 831 1711 1026 1763; x_wconf 88' lang='lat' dir='ltr'>quoniam</span> <span class='ocrx_word' id='word_1_238' title='bbox 1056 1711 1182 1751; x_wconf 88' lang='lat' dir='ltr'>istum</span> <span class='ocrx_word' id='word_1_239' title='bbox 1214 1723 1290 1764; x_wconf 83' lang='lat' dir='ltr'>ego</span> <span class='ocrx_word' id='word_1_240' title='bbox 1331 1711 1427 1751; x_wconf 91' lang='lat' dir='ltr'>novi</span> <span class='ocrx_word' id='word_1_241' title='bbox 1468 1714 1566 1751; x_wconf 89' lang='lat' dir='ltr'>tunc</span> <span class='ocrx_word' id='word_1_242' title='bbox 1603 1725 1695 1751; x_wconf 82' lang='lat' dir='ltr'>cuin</span> <span class='ocrx_word' id='word_1_243' title='bbox 1732 1713 1781 1751; x_wconf 87' lang='lat' dir='ltr'>ad</span> <span class='ocrx_word' id='word_1_244' title='bbox 1818 1711 1899 1753; x_wconf 89' lang='lat' dir='ltr'>loci</span> <span class='ocrx_word' id='word_1_245' title='bbox 1928 1713 2009 1753; x_wconf 90' lang='lat' dir='ltr'>mei</span> 
     </span>
     <span class='ocr_line' id='line_1_30' title="bbox 286 1776 2009 1829; baseline 0.001 -14"><span class='ocrx_word' id='word_1_246' title='bbox 286 1778 420 1828; x_wconf 88' lang='lat' dir='ltr'>partes</span> <span class='ocrx_word' id='word_1_247' title='bbox 450 1776 648 1829; x_wconf 86' lang='lat' dir='ltr'>inprobus</span> <span class='ocrx_word' id='word_1_248' title='bbox 679 1776 912 1816; x_wconf 86' lang='lat' dir='ltr'>advenisset</span> <span class='ocrx_word' id='word_1_249' title='bbox 940 1776 1128 1816; x_wconf 90' lang='lat' dir='ltr'>Marcelli</span> <span class='ocrx_word' id='word_1_250' title='bbox 1158 1776 1236 1816; x_wconf 89' lang='lat' dir='ltr'>viri</span> <span class='ocrx_word' id='word_1_251' title='bbox 1265 1776 1398 1817; x_wconf 87' lang='lat' dir='ltr'>incliti</span> <span class='ocrx_word' id='word_1_252' title='bbox 1419 1776 1561 1829; x_wconf 78' lang='lat' dir='ltr'>gratia,</span> <span class='ocrx_word' id='word_1_253' title='bbox 1592 1776 1734 1817; x_wconf 88' lang='lat' dir='ltr'>volens</span> <span class='ocrx_word' id='word_1_254' title='bbox 1757 1791 1849 1817; x_wconf 86' lang='lat' dir='ltr'>eum</span> <span class='ocrx_word' id='word_1_255' title='bbox 1871 1778 2009 1818; x_wconf 87' lang='lat' dir='ltr'>dever-</span> 
     </span>
     <span class='ocr_line' id='line_1_31' title="bbox 286 1841 2009 1895; baseline 0.001 -14"><span class='ocrx_word' id='word_1_256' title='bbox 286 1845 371 1881; x_wconf 88' lang='lat' dir='ltr'>tere</span> <span class='ocrx_word' id='word_1_257' title='bbox 402 1856 425 1881; x_wconf 91' lang='lat' dir='ltr'>a</span> <span class='ocrx_word' id='word_1_258' title='bbox 455 1844 595 1882; x_wconf 88' lang='lat' dir='ltr'>nostra</span> <span class='ocrx_word' id='word_1_259' title='bbox 625 1841 812 1881; x_wconf 86' lang='lat' dir='ltr'>doctrina</span> <span class='ocrx_word' id='word_1_260' title='bbox 843 1844 883 1881; x_wconf 93' lang='lat' dir='ltr'>et</span> <span class='ocrx_word' id='word_1_261' title='bbox 913 1856 935 1881; x_wconf 94' lang='lat' dir='ltr'>a</span> <span class='ocrx_word' id='word_1_262' title='bbox 965 1841 1055 1891; x_wconf 83' lang='lat' dir='ltr'>fide,</span> <span class='ocrx_word' id='word_1_263' title='bbox 1086 1841 1295 1891; x_wconf 87' lang='lat' dir='ltr'>videlicet,</span> <span class='ocrx_word' id='word_1_264' title='bbox 1327 1857 1408 1895; x_wconf 88' lang='lat' dir='ltr'>quo</span> <span class='ocrx_word' id='word_1_265' title='bbox 1439 1842 1648 1895; x_wconf 86' lang='lat' dir='ltr'>inpietatis</span> <span class='ocrx_word' id='word_1_266' title='bbox 1686 1842 1807 1882; x_wconf 89' lang='lat' dir='ltr'>huius</span> <span class='ocrx_word' id='word_1_267' title='bbox 1837 1842 2009 1883; x_wconf 83' lang='lat' dir='ltr'>idoneus</span> 
     </span>
     <span class='ocr_line' id='line_1_32' title="bbox 288 1906 2010 1956; baseline 0.001 -9"><span class='ocrx_word' id='word_1_268' title='bbox 288 1906 522 1947; x_wconf 88' lang='lat' dir='ltr'>efficeretur</span> <span class='ocrx_word' id='word_1_269' title='bbox 551 1908 752 1956; x_wconf 87' lang='lat' dir='ltr'>adsertor;</span> <span class='ocrx_word' id='word_1_270' title='bbox 790 1912 830 1947; x_wconf 90' lang='lat' dir='ltr'>et</span> <span class='ocrx_word' id='word_1_271' title='bbox 864 1910 1003 1947; x_wconf 88' lang='lat' dir='ltr'>tamen</span> <span class='ocrx_word' id='word_1_272' title='bbox 1033 1907 1224 1947; x_wconf 87' lang='lat' dir='ltr'>omnibus</span> <span class='ocrx_word' id='word_1_273' title='bbox 1255 1907 1338 1948; x_wconf 88' lang='lat' dir='ltr'>suis</span> <span class='ocrx_word' id='word_1_274' title='bbox 1368 1907 1504 1948; x_wconf 87' lang='lat' dir='ltr'>verbis</span> <span class='ocrx_word' id='word_1_275' title='bbox 1540 1908 1582 1948; x_wconf 91' lang='lat' dir='ltr'>in</span> <span class='ocrx_word' id='word_1_276' title='bbox 1612 1907 1726 1948; x_wconf 91' lang='lat' dir='ltr'>nullo</span> <span class='ocrx_word' id='word_1_277' title='bbox 1758 1922 1850 1948; x_wconf 89' lang='lat' dir='ltr'>eum</span> <span class='ocrx_word' id='word_1_278' title='bbox 1881 1908 2010 1948; x_wconf 88' lang='lat' dir='ltr'>diver-</span> 
     </span>
    </p>
   </div>
   <div class='ocr_carea' id='block_1_18' title="bbox 2047 1589 2057 1620">
    <p class='ocr_par' dir='ltr' id='par_1_18' title="bbox 2047 1589 2057 1620">
     <span class='ocr_line' id='line_1_33' title="bbox 2047 1589 2057 1620; baseline 0 0"><span class='ocrx_word' id='word_1_279' title='bbox 2047 1589 2057 1620; x_wconf 76' lang='grc' dir='ltr'><strong>ἰ</strong></span> 
     </span>
    </p>
   </div>
   <div class='ocr_carea' id='block_1_19' title="bbox 286 1972 2054 2027">
    <p class='ocr_par' dir='ltr' id='par_1_19' title="bbox 286 1972 2054 2027">
     <span class='ocr_line' id='line_1_34' title="bbox 286 1972 2054 2027; baseline 0.001 -15"><span class='ocrx_word' id='word_1_280' title='bbox 286 1975 371 2012; x_wconf 87' lang='lat' dir='ltr'>tere</span> <span class='ocrx_word' id='word_1_281' title='bbox 419 1975 458 2012; x_wconf 90' lang='lat' dir='ltr'>et</span> <span class='ocrx_word' id='word_1_282' title='bbox 505 1986 670 2012; x_wconf 88' lang='lat' dir='ltr'>movere</span> <span class='ocrx_word' id='word_1_283' title='bbox 718 1972 957 2025; x_wconf 85' lang='lat' dir='ltr'>praevaluit.</span> <span class='ocrx_word' id='word_1_284' title='bbox 1037 1972 1191 2013; x_wconf 78' lang='lat' dir='ltr'>Similis</span> <span class='ocrx_word' id='word_1_285' title='bbox 1241 1972 1350 2013; x_wconf 90' lang='lat' dir='ltr'>enim</span> <span class='ocrx_word' id='word_1_286' title='bbox 1400 1973 1592 2014; x_wconf 89' lang='lat' dir='ltr'>inventus</span> <span class='ocrx_word' id='word_1_287' title='bbox 1643 1976 1704 2014; x_wconf 89' lang='lat' dir='ltr'>est</span> <span class='ocrx_word' id='word_1_288' title='bbox 1750 1973 2054 2027; x_wconf 74' lang='lat' dir='ltr'>religiosissi-7</span> 
     </span>
    </p>
   </div>
   <div class='ocr_carea' id='block_1_20' title="bbox 286 2036 2011 2289">
    <p class='ocr_par' dir='ltr' id='par_1_20' title="bbox 286 2036 2011 2289">
     <span class='ocr_line' id='line_1_35' title="bbox 286 2036 2008 2091; baseline 0.002 -15"><span class='ocrx_word' id='word_1_289' title='bbox 286 2052 377 2078; x_wconf 89' lang='lat' dir='ltr'>mus</span> <span class='ocrx_word' id='word_1_290' title='bbox 407 2036 629 2078; x_wconf 85' lang='lat' dir='ltr'>Marcellus</span> <span class='ocrx_word' id='word_1_291' title='bbox 671 2041 828 2090; x_wconf 81' lang='lat' dir='ltr'>petrae,</span> <span class='ocrx_word' id='word_1_292' title='bbox 871 2038 913 2078; x_wconf 90' lang='lat' dir='ltr'>in</span> <span class='ocrx_word' id='word_1_293' title='bbox 951 2052 1031 2091; x_wconf 88' lang='lat' dir='ltr'>qua</span> <span class='ocrx_word' id='word_1_294' title='bbox 1075 2038 1292 2078; x_wconf 85' lang='lat' dir='ltr'>aedificata</span> <span class='ocrx_word' id='word_1_295' title='bbox 1333 2040 1395 2078; x_wconf 89' lang='lat' dir='ltr'>est</span> <span class='ocrx_word' id='word_1_296' title='bbox 1435 2040 1581 2079; x_wconf 88' lang='lat' dir='ltr'>domus</span> <span class='ocrx_word' id='word_1_297' title='bbox 1623 2037 1883 2080; x_wconf 88' lang='lat' dir='ltr'>solidissimis</span> <span class='ocrx_word' id='word_1_298' title='bbox 1918 2038 2008 2079; x_wconf 90' lang='lat' dir='ltr'>fun—</span> 
     </span>
     <span class='ocr_line' id='line_1_36' title="bbox 287 2102 2011 2156; baseline 0.002 -14"><span class='ocrx_word' id='word_1_299' title='bbox 287 2102 506 2153; x_wconf 87' lang='lat' dir='ltr'>damentis,</span> <span class='ocrx_word' id='word_1_300' title='bbox 551 2106 591 2142; x_wconf 93' lang='lat' dir='ltr'>et</span> <span class='ocrx_word' id='word_1_301' title='bbox 634 2117 727 2143; x_wconf 90' lang='lat' dir='ltr'>cum</span> <span class='ocrx_word' id='word_1_302' title='bbox 770 2103 1048 2144; x_wconf 86' lang='lat' dir='ltr'>descendisset</span> <span class='ocrx_word' id='word_1_303' title='bbox 1090 2103 1233 2156; x_wconf 90' lang='lat' dir='ltr'>pluvia</span> <span class='ocrx_word' id='word_1_304' title='bbox 1275 2106 1314 2144; x_wconf 89' lang='lat' dir='ltr'>et</span> <span class='ocrx_word' id='word_1_305' title='bbox 1352 2104 1575 2144; x_wconf 89' lang='lat' dir='ltr'>inruissent</span> <span class='ocrx_word' id='word_1_306' title='bbox 1612 2104 1783 2145; x_wconf 89' lang='lat' dir='ltr'>flumina</span> <span class='ocrx_word' id='word_1_307' title='bbox 1813 2119 1860 2145; x_wconf 90' lang='lat' dir='ltr'>ac</span> <span class='ocrx_word' id='word_1_308' title='bbox 1898 2106 2011 2145; x_wconf 81' lang='lat' dir='ltr'>venti</span> 
     </span>
     <span class='ocr_line' id='line_1_37' title="bbox 288 2168 2009 2222; baseline 0.001 -14"><span class='ocrx_word' id='word_1_309' title='bbox 288 2171 327 2208; x_wconf 88' lang='lat' dir='ltr'>et</span> <span class='ocrx_word' id='word_1_310' title='bbox 356 2168 583 2208; x_wconf 89' lang='lat' dir='ltr'>inlisissent</span> <span class='ocrx_word' id='word_1_311' title='bbox 620 2169 662 2208; x_wconf 89' lang='lat' dir='ltr'>in</span> <span class='ocrx_word' id='word_1_312' title='bbox 693 2171 861 2209; x_wconf 88' lang='lat' dir='ltr'>domum</span> <span class='ocrx_word' id='word_1_313' title='bbox 892 2168 1023 2218; x_wconf 84' lang='lat' dir='ltr'>illam,</span> <span class='ocrx_word' id='word_1_314' title='bbox 1053 2169 1253 2222; x_wconf 71' lang='lat' dir='ltr'>perstitit,</span> <span class='ocrx_word' id='word_1_315' title='bbox 1290 2169 1462 2209; x_wconf 82' lang='lat' dir='ltr'>fundata</span> <span class='ocrx_word' id='word_1_316' title='bbox 1492 2169 1601 2210; x_wconf 88' lang='lat' dir='ltr'>enim</span> <span class='ocrx_word' id='word_1_317' title='bbox 1632 2173 1719 2210; x_wconf 80' lang='lat' dir='ltr'>erat</span> <span class='ocrx_word' id='word_1_318' title='bbox 1749 2170 2009 2210; x_wconf 87' lang='lat' dir='ltr'>solidissimis</span> 
     </span>
     <span class='ocr_line' id='line_1_38' title="bbox 288 2234 2007 2289; baseline 0.002 -16"><span class='ocrx_word' id='word_1_319' title='bbox 288 2236 327 2273; x_wconf 92' lang='lat' dir='ltr'>et</span> <span class='ocrx_word' id='word_1_320' title='bbox 356 2234 624 2275; x_wconf 88' lang='lat' dir='ltr'>inmobilibus</span> <span class='ocrx_word' id='word_1_321' title='bbox 655 2234 953 2275; x_wconf 88' lang='lat' dir='ltr'>fundamentis:</span> <span class='ocrx_word' id='word_1_322' title='bbox 984 2234 1080 2275; x_wconf 91' lang='lat' dir='ltr'>huic</span> <span class='ocrx_word' id='word_1_323' title='bbox 1110 2237 1258 2283; x_wconf 86' lang='lat' dir='ltr'>autem,</span> <span class='ocrx_word' id='word_1_324' title='bbox 1290 2234 1361 2288; x_wconf 87' lang='lat' dir='ltr'>qui</span> <span class='ocrx_word' id='word_1_325' title='bbox 1386 2249 1579 2287; x_wconf 85' lang='lat' dir='ltr'>praesens</span> <span class='ocrx_word' id='word_1_326' title='bbox 1601 2238 1673 2284; x_wconf 88' lang='lat' dir='ltr'>est,</span> <span class='ocrx_word' id='word_1_327' title='bbox 1704 2236 1916 2276; x_wconf 86' lang='lat' dir='ltr'>infamiam</span> <span class='ocrx_word' id='word_1_328' title='bbox 1936 2250 2007 2289; x_wconf 89' lang='lat' dir='ltr'>po-</span> 
     </span>
    </p>
   </div>
   <div class='ocr_carea' id='block_1_21' title="bbox 287 2298 2056 2354">
    <p class='ocr_par' dir='ltr' id='par_1_21' title="bbox 287 2298 2056 2354">
     <span class='ocr_line' id='line_1_39' title="bbox 287 2298 2056 2354; baseline 0.002 -16"><span class='ocrx_word' id='word_1_329' title='bbox 287 2298 368 2338; x_wconf 87' lang='lat' dir='ltr'>tius</span> <span class='ocrx_word' id='word_1_330' title='bbox 409 2299 550 2339; x_wconf 88' lang='lat' dir='ltr'>intulit</span> <span class='ocrx_word' id='word_1_331' title='bbox 592 2303 763 2340; x_wconf 90' lang='lat' dir='ltr'>conatus</span> <span class='ocrx_word' id='word_1_332' title='bbox 797 2301 886 2352; x_wconf 87' lang='lat' dir='ltr'>ipse</span> <span class='ocrx_word' id='word_1_333' title='bbox 918 2314 1042 2353; x_wconf 88' lang='lat' dir='ltr'>quam</span> <span class='ocrx_word' id='word_1_334' title='bbox 1077 2299 1252 2340; x_wconf 87' lang='lat' dir='ltr'>laudem.</span> <span class='ocrx_word' id='word_1_335' title='bbox 1311 2298 1409 2340; x_wconf 90' lang='lat' dir='ltr'>Non</span> <span class='ocrx_word' id='word_1_336' title='bbox 1440 2300 1548 2340; x_wconf 80' lang='lat' dir='ltr'>enirn</span> <span class='ocrx_word' id='word_1_337' title='bbox 1577 2301 1679 2340; x_wconf 84' lang='lat' dir='ltr'>mihi</span> <span class='ocrx_word' id='word_1_338' title='bbox 1709 2301 1829 2341; x_wconf 87' lang='lat' dir='ltr'>venia</span> <span class='ocrx_word' id='word_1_339' title='bbox 1859 2302 2008 2354; x_wconf 83' lang='lat' dir='ltr'>dignus</span> <span class='ocrx_word' id='word_1_340' title='bbox 2035 2308 2056 2343; x_wconf 85' lang='lat' dir='ltr'>S</span> 
     </span>
    </p>
   </div>
   <div class='ocr_carea' id='block_1_22' title="bbox 286 2363 2009 2484">
    <p class='ocr_par' dir='ltr' id='par_1_22' title="bbox 286 2363 2009 2484">
     <span class='ocr_line' id='line_1_40' title="bbox 286 2363 2009 2419; baseline 0.003 -17"><span class='ocrx_word' id='word_1_341' title='bbox 286 2363 448 2404; x_wconf 86' lang='lat' dir='ltr'>videtur</span> <span class='ocrx_word' id='word_1_342' title='bbox 479 2364 547 2417; x_wconf 87' lang='lat' dir='ltr'>qui</span> <span class='ocrx_word' id='word_1_343' title='bbox 578 2365 832 2418; x_wconf 79' lang='lat' dir='ltr'>ignoraverit</span> <span class='ocrx_word' id='word_1_344' title='bbox 861 2366 973 2418; x_wconf 90' lang='lat' dir='ltr'>quod</span> <span class='ocrx_word' id='word_1_345' title='bbox 1003 2364 1187 2405; x_wconf 85' lang='lat' dir='ltr'>futurum</span> <span class='ocrx_word' id='word_1_346' title='bbox 1218 2368 1297 2416; x_wconf 81' lang='lat' dir='ltr'>est3</span> <span class='ocrx_word' id='word_1_347' title='bbox 1328 2366 1546 2417; x_wconf 87' lang='lat' dir='ltr'>oportebat</span> <span class='ocrx_word' id='word_1_348' title='bbox 1577 2366 1685 2405; x_wconf 89' lang='lat' dir='ltr'>enim</span> <span class='ocrx_word' id='word_1_349' title='bbox 1717 2380 1811 2406; x_wconf 88' lang='lat' dir='ltr'>eum</span> <span class='ocrx_word' id='word_1_350' title='bbox 1837 2381 2009 2419; x_wconf 88' lang='lat' dir='ltr'>praeno-</span> 
     </span>
     <span class='ocr_line' id='line_1_41' title="bbox 287 2430 2009 2484; baseline 0.002 -16"><span class='ocrx_word' id='word_1_351' title='bbox 287 2442 398 2469; x_wconf 88' lang='lat' dir='ltr'>scere</span> <span class='ocrx_word' id='word_1_352' title='bbox 430 2431 501 2482; x_wconf 89' lang='lat' dir='ltr'>qui</span> <span class='ocrx_word' id='word_1_353' title='bbox 530 2432 626 2469; x_wconf 88' lang='lat' dir='ltr'>sunt</span> <span class='ocrx_word' id='word_1_354' title='bbox 652 2430 810 2483; x_wconf 88' lang='lat' dir='ltr'>proprii</span> <span class='ocrx_word' id='word_1_355' title='bbox 842 2431 921 2480; x_wconf 90' lang='lat' dir='ltr'>sui,</span> <span class='ocrx_word' id='word_1_356' title='bbox 958 2431 992 2471; x_wconf 90' lang='lat' dir='ltr'>si</span> <span class='ocrx_word' id='word_1_357' title='bbox 1023 2430 1191 2484; x_wconf 87' lang='lat' dir='ltr'>quidem</span> <span class='ocrx_word' id='word_1_358' title='bbox 1221 2430 1389 2483; x_wconf 88' lang='lat' dir='ltr'>spiritus</span> <span class='ocrx_word' id='word_1_359' title='bbox 1425 2430 1656 2483; x_wconf 89' lang='lat' dir='ltr'>paracletus</span> <span class='ocrx_word' id='word_1_360' title='bbox 1687 2431 1850 2471; x_wconf 88' lang='lat' dir='ltr'>habitat</span> <span class='ocrx_word' id='word_1_361' title='bbox 1878 2432 1921 2472; x_wconf 90' lang='lat' dir='ltr'>in</span> <span class='ocrx_word' id='word_1_362' title='bbox 1952 2446 2009 2472; x_wconf 84' lang='lat' dir='ltr'>eo.</span> 
     </span>
    </p>
   </div>
   <div class='ocr_carea' id='block_1_23' title="bbox 400 2547 1068 2679">
    <p class='ocr_par' dir='ltr' id='par_1_23' title="bbox 400 2547 1068 2679">
     <span class='ocr_line' id='line_1_42' title="bbox 400 2547 1068 2591; baseline 0.003 -10"><span class='ocrx_word' id='word_1_363' title='bbox 400 2548 449 2582; x_wconf 72' lang='lat'>‘38</span> <span class='ocrx_word' id='word_1_364' title='bbox 475 2547 604 2582; x_wconf 87' lang='lat' dir='ltr'>Matth.</span> <span class='ocrx_word' id='word_1_365' title='bbox 633 2549 661 2591; x_wconf 69' lang='lat'>7,</span> <span class='ocrx_word' id='word_1_366' title='bbox 686 2549 739 2583; x_wconf 70' lang='lat'>24.</span> <span class='ocrx_word' id='word_1_367' title='bbox 765 2550 817 2583; x_wconf 72' lang='lat'>25.</span> <span class='ocrx_word' id='word_1_368' title='bbox 855 2549 944 2583; x_wconf 81' lang='lat' dir='ltr'>Luk.</span> <span class='ocrx_word' id='word_1_369' title='bbox 969 2550 1000 2591; x_wconf 87' lang='grc'>6,</span> <span class='ocrx_word' id='word_1_370' title='bbox 1024 2550 1068 2583; x_wconf 72' lang='grc'>48</span> 
     </span>
     <span class='ocr_line' id='line_1_43' title="bbox 403 2646 473 2679; baseline 0 0"><span class='ocrx_word' id='word_1_371' title='bbox 403 2646 473 2679; x_wconf 66' lang='grc' dir='ltr'>ΟΜ</span> 
     </span>
    </p>
   </div>
   <div class='ocr_carea' id='block_1_24' title="bbox 286 2746 2008 2957">
    <p class='ocr_par' dir='ltr' id='par_1_24' title="bbox 286 2746 2008 2957">
     <span class='ocr_line' id='line_1_44' title="bbox 401 2746 2007 2791; baseline 0.001 -12"><span class='ocrx_word' id='word_1_372' title='bbox 401 2746 420 2780; x_wconf 91' lang='grc'>1</span> <span class='ocrx_word' id='word_1_373' title='bbox 459 2746 668 2780; x_wconf 82' lang='lat' dir='ltr'>morabatur</span> <span class='ocrx_word' id='word_1_374' title='bbox 707 2747 737 2780; x_wconf 76' lang='lat' dir='ltr'><em>O</em></span> <span class='ocrx_word' id='word_1_375' title='bbox 777 2748 781 2789; x_wconf 82' lang='lat' dir='ltr'>l</span> <span class='ocrx_word' id='word_1_376' title='bbox 827 2747 848 2781; x_wconf 84' lang='lat'>5</span> <span class='ocrx_word' id='word_1_377' title='bbox 886 2758 966 2782; x_wconf 88' lang='lat' dir='ltr'>eum</span> <span class='ocrx_word' id='word_1_378' title='bbox 1002 2753 1044 2784; x_wconf 90' lang='lat'>&lt;</span> <span class='ocrx_word' id='word_1_379' title='bbox 1080 2746 1125 2778; x_wconf 62' lang='grc' dir='ltr'>ΑῚΙ</span> <span class='ocrx_word' id='word_1_380' title='bbox 1162 2746 1166 2788; x_wconf 83' lang='grc' dir='ltr'>Ι</span> <span class='ocrx_word' id='word_1_381' title='bbox 1212 2747 1234 2779; x_wconf 77' lang='lat' dir='ltr'><strong>G</strong></span> <span class='ocrx_word' id='word_1_382' title='bbox 1270 2748 1503 2790; x_wconf 86' lang='lat' dir='ltr'>perceperant</span> <span class='ocrx_word' id='word_1_383' title='bbox 1542 2746 1571 2780; x_wconf 78' lang='lat' dir='ltr'><em>O</em></span> <span class='ocrx_word' id='word_1_384' title='bbox 1611 2746 1615 2789; x_wconf 96' lang='grc' dir='ltr'>Ι</span> <span class='ocrx_word' id='word_1_385' title='bbox 1662 2746 1711 2781; x_wconf 89' lang='grc'>10</span> <span class='ocrx_word' id='word_1_386' title='bbox 1747 2757 1835 2791; x_wconf 89' lang='lat' dir='ltr'>opus</span> <span class='ocrx_word' id='word_1_387' title='bbox 1859 2754 1901 2784; x_wconf 90' lang='lat'>&lt;</span> <span class='ocrx_word' id='word_1_388' title='bbox 1925 2747 1970 2780; x_wconf 86' lang='lat' dir='ltr'>M</span> <span class='ocrx_word' id='word_1_389' title='bbox 2005 2748 2007 2790; x_wconf 60' lang='grc'><em>3</em></span> 
     </span>
     <span class='ocr_line' id='line_1_45' title="bbox 289 2800 2008 2847; baseline 0 -12"><span class='ocrx_word' id='word_1_390' title='bbox 289 2801 336 2835; x_wconf 74' lang='lat'>12</span> <span class='ocrx_word' id='word_1_391' title='bbox 374 2800 619 2845; x_wconf 85' lang='lat' dir='ltr'>pertimuerat]</span> <span class='ocrx_word' id='word_1_392' title='bbox 644 2802 822 2843; x_wconf 68' lang='lat' dir='ltr'>Zaeafflzi,</span> <span class='ocrx_word' id='word_1_393' title='bbox 853 2804 1083 2847; x_wconf 72' lang='lat' dir='ltr'>pei-tenuerat</span> <span class='ocrx_word' id='word_1_394' title='bbox 1111 2801 1183 2836; x_wconf 77' lang='lat' dir='ltr'>GM</span> <span class='ocrx_word' id='word_1_395' title='bbox 1221 2801 1225 2844; x_wconf 94' lang='grc' dir='ltr'>Ι</span> <span class='ocrx_word' id='word_1_396' title='bbox 1271 2802 1320 2836; x_wconf 85' lang='grc'>19</span> <span class='ocrx_word' id='word_1_397' title='bbox 1357 2801 1582 2845; x_wconf 85' lang='lat' dir='ltr'>prudentiae]</span> <span class='ocrx_word' id='word_1_398' title='bbox 1608 2801 1796 2845; x_wconf 86' lang='lat' dir='ltr'>prudentie</span> <span class='ocrx_word' id='word_1_399' title='bbox 1820 2813 1860 2836; x_wconf 82' lang='lat' dir='ltr'>w.</span> <span class='ocrx_word' id='word_1_400' title='bbox 1885 2814 1912 2836; x_wconf 82' lang='lat' dir='ltr'>e.</span> <span class='ocrx_word' id='word_1_401' title='bbox 1935 2802 2008 2835; x_wconf 80' lang='lat' dir='ltr'>seh.</span> 
     </span>
     <span class='ocr_line' id='line_1_46' title="bbox 293 2856 2008 2902; baseline 0.001 -14"><span class='ocrx_word' id='word_1_402' title='bbox 293 2867 335 2888; x_wconf 73' lang='grc' dir='ltr'>’.η</span> <span class='ocrx_word' id='word_1_403' title='bbox 358 2856 589 2899; x_wconf 86' lang='lat' dir='ltr'>prudentiam</span> <span class='ocrx_word' id='word_1_404' title='bbox 613 2858 688 2890; x_wconf 72' lang='lat' dir='ltr'>wzd</span> <span class='ocrx_word' id='word_1_405' title='bbox 710 2857 809 2891; x_wconf 70' lang='lat' dir='ltr'>dmm</span> <span class='ocrx_word' id='word_1_406' title='bbox 833 2869 879 2891; x_wconf 56' lang='lat' dir='ltr'>aa</span> <span class='ocrx_word' id='word_1_407' title='bbox 905 2858 1097 2902; x_wconf 86' lang='lat' dir='ltr'>prudentia</span> <span class='ocrx_word' id='word_1_408' title='bbox 1121 2868 1210 2891; x_wconf 77' lang='lat' dir='ltr'>corr.</span> <span class='ocrx_word' id='word_1_409' title='bbox 1241 2856 1288 2890; x_wconf 77' lang='lat'>02</span> <span class='ocrx_word' id='word_1_410' title='bbox 1320 2857 1323 2899; x_wconf 94' lang='grc' dir='ltr'>Ι</span> <span class='ocrx_word' id='word_1_411' title='bbox 1362 2857 1411 2891; x_wconf 74' lang='lat'>22</span> <span class='ocrx_word' id='word_1_412' title='bbox 1438 2856 1606 2891; x_wconf 85' lang='lat' dir='ltr'>diodorus</span> <span class='ocrx_word' id='word_1_413' title='bbox 1635 2857 1664 2891; x_wconf 80' lang='lat' dir='ltr'><em>O</em></span> <span class='ocrx_word' id='word_1_414' title='bbox 1697 2858 1701 2900; x_wconf 88' lang='lat' dir='ltr'>l</span> <span class='ocrx_word' id='word_1_415' title='bbox 1738 2857 1789 2892; x_wconf 76' lang='lat'>24</span> <span class='ocrx_word' id='word_1_416' title='bbox 1814 2856 1945 2901; x_wconf 83' lang='lat' dir='ltr'>incliti]</span> <span class='ocrx_word' id='word_1_417' title='bbox 1971 2857 2008 2890; x_wconf 88' lang='lat' dir='ltr'>in</span> 
     </span>
     <span class='ocr_line' id='line_1_47' title="bbox 286 2911 1193 2957; baseline 0.003 -13"><span class='ocrx_word' id='word_1_418' title='bbox 286 2911 377 2955; x_wconf 83' lang='lat' dir='ltr'>legis</span> <span class='ocrx_word' id='word_1_419' title='bbox 407 2911 436 2945; x_wconf 77' lang='lat' dir='ltr'><em>G</em></span> <span class='ocrx_word' id='word_1_420' title='bbox 477 2913 480 2954; x_wconf 79' lang='grc' dir='ltr'>Ι</span> <span class='ocrx_word' id='word_1_421' title='bbox 526 2913 572 2946; x_wconf 66' lang='grc' dir='ltr'>Ξῖ</span> <span class='ocrx_word' id='word_1_422' title='bbox 603 2912 670 2956; x_wconf 87' lang='lat' dir='ltr'>est]</span> <span class='ocrx_word' id='word_1_423' title='bbox 697 2924 732 2947; x_wconf 90' lang='lat' dir='ltr'>es</span> <span class='ocrx_word' id='word_1_424' title='bbox 763 2913 792 2947; x_wconf 77' lang='grc' dir='ltr'><em>Ο</em></span> <span class='ocrx_word' id='word_1_425' title='bbox 832 2915 836 2957; x_wconf 93' lang='grc' dir='ltr'>Ι</span> <span class='ocrx_word' id='word_1_426' title='bbox 882 2914 933 2948; x_wconf 79' lang='lat'>34</span> <span class='ocrx_word' id='word_1_427' title='bbox 957 2913 1135 2957; x_wconf 85' lang='lat' dir='ltr'>paraclyti</span> <span class='ocrx_word' id='word_1_428' title='bbox 1164 2914 1193 2947; x_wconf 82' lang='lat' dir='ltr'><em>O</em></span> 
     </span>
    </p>
   </div>
  </div>
 </body>
</html>
