2164 3406
222 877 263 909 10

221 1204 262 1236 123

219 2510 261 2542 ὁ.)

293 176 315 213 2
1027 167 1271 212 Hegemonius

291 283 485 331 moratus,
514 280 743 333 ingreditur
773 280 940 320 domum
970 292 1217 331 praeparans
1249 277 1380 331 pretia
1401 276 1657 329 captivorum
1679 277 2012 328 quantacumque

290 347 577 400 poposcissent
618 346 688 398 qui
731 347 983 385 deduxerant
1022 344 1199 393 vinc-tos,
1242 346 1282 383 et
1323 343 1537 392 continuo,
1577 340 1766 381 reseratis
1806 341 2010 381 bonorum

291 426 459 453 suorum
488 411 701 459 thesauris,
730 410 894 463 pietatis
924 410 1055 462 pretia
1084 409 1286 449 militibus
1307 421 1382 448 nec
1403 421 1573 448 numero
1594 405 1734 458 aliquo
1755 420 1830 446 nec
1861 405 2009 446 discre-

290 477 400 518 tione
430 476 515 517 ulla
551 476 783 528 distinguit,
825 478 871 515 ut
911 474 1043 527 magis
1081 475 1188 514 dona
1237 488 1359 527 quam
1393 471 1526 526 pretia
1560 471 1805 512 viderentur.
1862 472 1920 511 At
1947 470 2010 511 1111

289 542 481 583 admirati
516 544 555 581 et
589 541 767 594 amplexi
801 543 885 580 tam
920 540 1148 580 inmensam
1184 538 1262 578 viri
1295 538 1492 590 pietatem
1527 536 1935 589 munificentiamque
1971 539 2010 576 et

289 608 388 648 facti
418 610 582 659 stupore
604 606 781 658 permoti
811 604 997 657 exemplo
1019 604 1324 645 misericordiae
1355 605 1675 652 commoventur,
1699 601 1757 642 ita
1777 605 1823 642 ut
1841 601 2010 654 plurimi

290 688 337 713 ex
376 673 476 726 ipsis
518 674 818 712 adducerentur
858 672 909 710 ad
950 670 1072 710 fidem
1115 669 1272 709 domini
1311 668 1443 709 nostri
1481 667 1574 709 Iesu
1605 666 1772 717 Christi,
1813 666 2009 708 derelicto

287 738 460 778 militiae
491 737 676 791 cingulo:
713 736 783 777 alii
812 750 925 785 vero7
962 735 1029 775 vix
1061 736 1206 788 quarta
1235 724 1464 786 pretiorum
1490 732 1681 785 portione
1710 735 1918 784 suscepta,
1959 734 2010 772 ad

287 803 453 855 propria
483 805 615 842 castra
645 802 918 843 discederent:
949 800 1072 841 ceteri
1103 802 1241 840 autem
1270 814 1415 852 parum
1440 798 1608 839 omnino
1630 797 1787 850 aliquid
1809 800 2009 850 quantum

287 868 436 909 viatico
468 867 677 908 sufficeret
706 867 952 920 accipientes
983 866 1153 906 abirent.

396 932 446 974 H.
477 933 555 973 His
585 933 725 986 itaque
756 933 882 986 gestis
911 932 1043 972 laetus
1074 934 1160 971 erat
1196 930 1315 970 valde
1345 929 1570 971 Marcellus
1602 932 1657 979 et,
1687 928 1817 969 accito
1848 943 1928 969 uno
1960 943 2009 969 ex

287 998 460 1051 captivis
492 998 688 1050 Cortynio
718 999 894 1048 nomine,
923 996 1188 1051 perquirebat
1223 996 1273 1036 ab
1305 1010 1352 1036 eo
1390 1010 1555 1037 causam
1585 994 1685 1036 belli
1713 994 1779 1034 vel
1806 1008 1887 1047 quo
1914 1008 2010 1034 casu

287 1064 366 1116 ipsi
408 1064 624 1104 inferiores
667 1064 876 1105 extiterint
916 1078 963 1104 ac
1003 1061 1178 1102 vinculis
1222 1061 1472 1114 captivitatis
1513 1060 1652 1101 innexi
1694 1060 1787 1100 sint.
1844 1059 1901 1099 At
1929 1058 2009 1108 ille,

286 1129 484 1182 loquendi
515 1129 593 1169 sibi
622 1133 826 1182 potestate
855 1128 1066 1182 permissa,
1096 1127 1154 1167 ita
1186 1141 1353 1168 exorsus
1385 1129 1460 1167 est:
1494 1125 1594 1176 Nos,
1626 1124 1788 1166 domine
1818 1125 1875 1164 mi
1902 1123 2010 1164 Mar-

288 1194 407 1245 celle,
454 1195 607 1235 viventi
655 1197 730 1235 deo
773 1194 975 1236 credimus
1017 1192 1105 1233 soli.
1181 1192 1258 1233 Est
1298 1194 1434 1232 autem
1474 1191 1593 1233 nobis
1634 1204 1724 1231 mos
1772 1189 2010 1231 huiusmodi

286 1262 450 1312 patrum
485 1263 720 1301 nostrorum
749 1260 791 1300 in
821 1274 895 1300 nos
925 1259 1146 1300 traditione
1177 1259 1430 1298 descendens
1472 1257 1624 1310 quique
1663 1271 1686 1295 a
1716 1256 1835 1297 nobis
1872 1257 2010 1297 obser-

286 1329 405 1365 vatus
437 1328 496 1365 est
524 1339 655 1378 usque
687 1326 738 1365 ad
769 1326 876 1365 hunc
906 1324 1031 1374 diem,
1061 1338 1135 1376 per
1165 1338 1293 1364 annos
1323 1323 1510 1376 singulos
1541 1324 1653 1362 extra
1681 1322 1826 1362 urbem
1857 1320 2010 1374 egressi

287 1406 368 1430 una
399 1405 491 1431 cum
523 1390 767 1444 coniugibus
797 1404 844 1430 ac
872 1389 1031 1439 liberis,
1069 1388 1348 1442 supplicamus
1385 1387 1463 1429 soli
1501 1390 1540 1427 et
1568 1385 1770 1427 invisibili
1800 1387 1893 1436 deo,
1933 1385 2008 1426 im-

286 1456 378 1496 bres
410 1456 459 1496 ab
492 1471 537 1497 eo
569 1457 667 1496 satis
698 1455 848 1496 nostris
879 1468 927 1495 ac
956 1455 1145 1508 frugibus
1176 1456 1454 1503 obsecrantes3
1485 1455 1596 1506 quod
1626 1466 1719 1492 cum
1746 1454 1931 1504 tempore
1963 1465 2009 1491 ac

248 1532 257 1566 ζ
287 1536 399 1562 111010
430 1521 553 1563 solito
593 1520 909 1570 celebraremus,
946 1521 1199 1560 inmorantes
1240 1519 1399 1560 ieiunos
1434 1533 1579 1571 vesper
1609 1517 1767 1558 obtexit
1796 1520 1835 1557 et
1866 1529 2008 1569 grava-

285 1588 385 1627 bant
414 1601 488 1627 nos
519 1589 600 1628 duo
631 1586 814 1628 omnium
846 1585 1109 1635 difficillima,
1145 1585 1344 1625 ieiunium
1375 1587 1415 1625 et
1443 1583 1620 1637 vigiliae.
1679 1582 1795 1623 Circa
1826 1581 2008 1622 medium

286 1667 384 1693 vero
414 1652 547 1694 noctis
571 1651 735 1692 invidus
766 1651 885 1691 nobis
914 1653 954 1691 et
986 1651 1232 1703 inportunus
1262 1664 1429 1691 somnus
1461 1649 1644 1701 obrepsit
1686 1651 1741 1698 et,
1782 1646 2008 1687 cervicibus

287 1718 518 1770 degravatis
549 1732 595 1758 ac
621 1716 735 1766 laxis⁷
766 1717 943 1757 demisso
967 1716 1112 1768 capite,
1143 1716 1323 1756 frontem
1354 1715 1527 1768 genibus
1556 1713 1705 1755 inlidit.
1752 1712 1845 1754 Hoc
1872 1715 2008 1753 autem

287 1783 443 1823 sactum
481 1786 557 1832 est,
599 1782 794 1836 quoniam
826 1784 988 1834 tempus
1026 1784 1167 1821 aderat
1204 1783 1251 1821 ut
1281 1780 1346 1820 dei
1375 1779 1528 1821 iudicio
1565 1793 1718 1832 poenas
1748 1793 1822 1831 pro
1851 1778 2009 1818 meritis

243 1860 259 1890 Γ
286 1850 576 1900 penderemus3
612 1848 785 1888 forsitan
823 1848 931 1887 enim
959 1849 1177 1900 peccantes
1206 1846 1501 1899 ignorabamus
1532 1848 1603 1885 aut
1632 1844 1755 1885 etiam
1785 1856 2008 1897 agnoscen-

287 1917 347 1953 tes
378 1928 459 1955 non
491 1914 789 1954 desinebamus.
847 1911 894 1952 ln
923 1912 996 1952 illa
1025 1912 1154 1965 igitur
1182 1912 1282 1952 hora
1312 1911 1448 1951 subito
1479 1910 1658 1951 militum
1684 1917 1759 1950 nos
1786 1909 2008 1950 multitudo

288 1979 532 2029 circumdat,
561 1982 608 2019 ut
638 1979 825 2028 aestimo,
856 1980 1047 2030 putantes
1077 1992 1151 2018 nos
1181 1992 1256 2030 pro
1286 1976 1446 2017 insidiis
1477 1975 1711 2017 consedisse
1741 1977 1812 2015 aut
1842 1974 2008 2014 omnino

286 2059 408 2085 usum
438 2044 501 2084 vel
532 2044 713 2085 studium
743 2044 894 2084 habere
924 2043 1194 2096 proeliorum3
1237 2045 1277 2082 et
1311 2041 1425 2082 nulla
1461 2043 1688 2082 conventus
1726 2040 1856 2081 nostri
1888 2055 2009 2080 eausa

287 2110 450 2162 penitus
481 2109 704 2162 explorata,
733 2108 888 2150 bellum
918 2109 1036 2150 nobis
1067 2108 1327 2157 denuntiant,
1357 2122 1439 2148 non
1470 2121 1656 2148 sermone
1686 2107 1758 2146 sed
1788 2105 1939 2159 gladio,
1970 2108 2009 2145 et

250 2184 253 2185 ’
286 2175 489 2226 11011111103,
528 2175 600 2228 qui
628 2174 820 2215 iniuriam
851 2174 985 2214 facere
1017 2175 1209 2227 cuiquam
1239 2188 1320 2214 non
1353 2171 1587 2219 didicimus,
1618 2171 1705 2211 sine
1734 2170 1821 2211 ulla
1849 2170 2007 2211 miseri-

287 2240 425 2281 cordia
454 2239 726 2280 missibilibus
763 2240 995 2289 vulnerant,
1037 2239 1165 2280 hastis
1209 2238 1470 2288 confodiunt,
1510 2237 1776 2278 mucronibus
1806 2235 2006 2288 iugulant.

286 2306 341 2345 Et
369 2305 662 2345 interfecerunt
693 2304 859 2358 quidem
889 2320 937 2345 ex
958 2304 1078 2346 nobis
1109 2306 1161 2345 ad
1180 2304 1294 2345 mille
1314 2306 1519 2345 trecentos
1539 2302 1661 2352 viros,
1690 2301 2008 2342 vulneraverunt

285 2373 423 2410 autem
453 2370 711 2423 quingentos.
769 2369 871 2411 Cum
900 2384 995 2410 vero
1027 2370 1112 2411 dies
1142 2369 1350 2420 inclaruit,
1392 2368 1463 2422 qui
1493 2368 1781 2421 superfuerant
1810 2381 1857 2406 ex
1887 2365 2006 2407 nobis

285 2436 366 2476 huc
394 2437 673 2487 perduxerunt
709 2436 909 2488 captivos7
950 2449 1024 2475 nec
1065 2435 1123 2475 sic
1159 2435 1325 2488 quidem
1361 2433 1518 2486 aliquid
1553 2433 1672 2474 nobis
1701 2431 2006 2472 misericordiae

287 2501 574 2551 concedentes3
605 2502 782 2553 agebant
812 2501 920 2540 enim
950 2515 1024 2541 nos
1055 2504 1149 2541 ante
1181 2514 1319 2553 equos,
1350 2499 1563 2544 hastilium
1593 2497 1832 2539 verberibus
1863 2497 2006 2537 stimu-

403 2609 425 2642 C
425 2608 473 2640 ’Μ

399 2697 421 2731 3
446 2696 599 2740 pretium
624 2697 668 2729 Μ
707 2698 710 2740 Ι
755 2697 777 2731 4
805 2698 854 2741 at]
890 2697 985 2740 quod
1009 2696 1051 2729 Μ
1086 2697 1090 2740 Ι
1135 2697 1158 2731 6
1185 2697 1456 2731 commonentur
1486 2696 1515 2729 C
1557 2695 1561 2737 Ι
1604 2694 1657 2728 ita
1680 2700 1722 2730 <
1753 2693 1781 2727 C
1810 2694 1813 2736 Ι
1850 2695 1866 2729 7
1897 2693 2003 2727 adde-

290 2754 409 2786 rentur
438 2752 467 2786 C
494 2753 499 2794 Ι
533 2753 554 2787 8
580 2753 676 2796 vero]
703 2754 821 2786 autem
846 2753 886 2786 Μ
917 2754 921 2795 Ι
953 2752 1047 2785 mech
1073 2754 1201 2795 quarta
1226 2756 1264 2794 -Ι-
1291 2753 1393 2796 parte
1417 2751 1459 2784 Μ
1488 2751 1493 2794 Ι
1526 2750 1549 2784 9
1575 2749 1708 2793 autem]
1732 2761 1819 2784 uero
1844 2750 1886 2783 Μ
1915 2750 1921 2792 Ι
1953 2749 2002 2783 12

288 2807 448 2850 cortynio
479 2807 636 2851 nomine]
675 2808 842 2842 continuo
869 2807 912 2840 Μ
950 2809 954 2850 Ι
1002 2807 1048 2841 15
1087 2807 1310 2841 credidimus.
1358 2807 1450 2841 Solis
1475 2807 1595 2840 autem
1620 2807 1673 2839 est
1697 2806 1737 2838 Μ
1779 2806 1784 2848 Ι
1830 2805 1876 2839 1ΐ
1908 2804 2005 2838 intra

292 2865 321 2897 (J
362 2865 365 2904 Ι
411 2863 462 2897 20
496 2862 647 2906 ieiunos]
677 2874 741 2896 nos
766 2863 898 2897 ieiunio
925 2864 965 2896 Μ
1007 2864 1009 2904 Ι
1056 2862 1104 2896 21
1143 2862 1306 2896 difficilia
1337 2863 1366 2896 C
1406 2862 1409 2903 Ι
1455 2861 1505 2896 23
1536 2861 1641 2894 lassis
1671 2861 1700 2895 G
1738 2866 1743 2904 Ι
1787 2860 1949 2895 demerso
1979 2859 2010 2893 G

288 2919 291 2960 ᾗ
332 2918 433 2952 elidit
464 2918 492 2952 C
532 2920 534 2960 Ι
581 2919 630 2952 26
654 2917 808 2951 militum
832 2929 896 2951 nos
921 2931 963 2948 rx
992 2919 1032 2951 Μ
1074 2917 1078 2959 Ι
1123 2918 1170 2953 33
1196 2917 1386 2951 inclinauit
1410 2917 1452 2950 Μ
1493 2918 1496 2960 Ι
1542 2917 1591 2951 34
1618 2916 1814 2960 perduxere
1839 2915 1881 2948 Μ

2036 474 2059 507 6

2033 2306 2059 2341 5.
