2164 3406
711 158 803 191 Acta
828 157 998 192 Archelai
1025 159 1135 192 XXX!
1149 159 1368 194 {mxxxiv
1861 167 1910 203 47

169 272 216 308 ul)
247 272 375 310 riclam
418 286 535 322 usque
576 273 626 311 ad
655 275 818 322 Moysen
857 274 895 311 in
934 286 998 311 eos·
1034 275 1104 323 qm?
1139 287 1219 311 ηωι
1255 280 1519 323 pcc-carerzml.
1579 273 1734 313 MANES
1765 286 1909 314 Dixrr:

171 335 284 388 Ergo
315 350 424 376 mors
456 335 647 390 regnavit
676 337 763 377 sine
795 336 933 387 dubio,
966 337 1062 391 quia
1092 337 1270 378 dualitas
1301 341 1378 387 est,
1421 352 1495 378 nec
1526 338 1659 389 aliter,
1702 340 1776 379 nisi
1808 342 1913 380 esset

170 401 366 455 ingenita.
424 402 692 444 ARCHELAUS
722 416 867 445 mxi'r:
905 403 959 443 Et
991 404 1199 456 quomodo
1229 403 1415 457 ingenita
1445 418 1555 444 mors
1587 407 1696 445 certo
1730 419 1778 445 ex
1808 408 1911 446 teni-

170 481 270 520 pore
300 469 419 521 regni
450 468 626 522 sumpsit
656 469 901 517 exordium?
929 472 980 511 ab
1003 469 1141 510 Adam
1173 470 1291 512 enim.
1322 470 1471 524 inquit,
1504 474 1543 510 et
1574 485 1657 510 non
1684 471 1787 511 dixit
1818 475 1912 512 ante

124 540 144 571 Γ)
170 534 317 576 Adam.
346 535 503 575 MANES
533 548 679 576 DIXIT:
711 535 930 585 Quomodo
962 551 1058 577 vero
1091 539 1130 577 et
1160 536 1365 578 iustorum
1398 539 1438 578 et
1458 540 1724 590 peccatorum
1747 537 1912 579 obtinu-

171 600 246 641 erit
277 613 453 654 regnum
486 601 623 642 dicito.
672 603 941 643 ARCHELAUS
972 616 1111 644 Dixir:
1144 603 1248 644 Cum
1269 603 1384 657 prius
1408 604 1620 644 confessus
1654 604 1784 645 fueris
1816 604 1913 657 quia

171 681 219 708 ex
250 669 436 721 tempore
467 670 506 708 et
536 682 621 708 non
652 683 700 708 ex
731 670 976 710 aeternitate
1006 669 1214 723 regnavit,
1257 672 1347 709 tuni
1380 669 1525 710 dicam.
1584 669 1739 711 MANES
1769 684 1912 711 Dlxr'r:

171 733 382 787 Scriptum
412 737 474 775 est
504 735 593 786 hoc,
625 736 722 789 quia
752 739 798 775 ab
829 740 957 776 Adam
990 751 1108 787 usque
1138 740 1189 776 ml
1219 740 1379 787 Moysen
1414 739 1594 787 reynam'l.
1644 737 1912 777 ARCHELAUS

170 813 312 842 mxrr:
343 800 456 854 Ergo
488 804 528 842 et
557 802 680 842 finem
713 802 843 842 habet
874 803 984 855 quod
1016 802 1153 855 coepit
1184 817 1232 842 ex
1262 805 1450 855 tempore
1480 805 1521 842 et
1552 817 1694 842 verum
1726 806 1787 843 est
1808 803 1913 843 illud

104 876 145 907 11·
172 866 282 919 quod
314 866 470 908 dictum
502 870 574 919 est,
606 869 703 921 quia
733 872 886 909 absorta
916 875 971 909 est
999 884 1107 908 mors
1140 872 1182 908 (ἠ
1214 872 1381 908 certaria.
1444 868 1582 908 Etiam
1613 868 1800 922 ingenita
1831 884 1913 910 non

172 932 249 973 erit
291 947 396 986 quae
428 936 468 974 et
497 933 663 974 initium
694 934 846 974 habere
877 937 1135 975 monstratur
1164 937 1203 974 et
1233 934 1369 975 finem.
1429 935 1585 974 MANEs
1614 948 1756 976 DIXIT:
1801 935 1912 976 Deus

170 1012 271 1052 ergo
294 1013 383 1039 eam
404 999 514 1041 fecit.
562 998 831 1040 ARCHELAL‘S
850 1013 995 1041 D1x1'r:
1028 999 1318 1054 Nequaquam,
1355 1000 1478 1048 absit3
1508 1004 1602 1041 (leus
1621 1005 1724 1042 enlm
1748 1009 1909 1042 mos-tem

171 1081 251 1106 mm,
279 1069 386 1116 fecit,
430 1082 496 1106 nee
527 1070 688 1106 laedatur
725 1070 767 1107 in
795 1070 1014 1118 perdamne
1043 1071 1232 1107 ‘Firmum
1293 1066 1449 1107 MANES
1478 1080 1622 1108 DIXIT:
1663 1066 1778 1107 Deus
1822 1082 1913 1107 eam

169 1145 253 1172 non
284 1131 393 1180 fecit,
425 1132 535 1172 faeta
566 1135 706 1173 tamen
738 1136 808 1183 est,
842 1136 886 1173 ut
919 1133 995 1182 ais3
1037 1148 1061 1174 a
1092 1147 1174 1187 quo
1208 1134 1413 1186 acceperit
1442 1133 1649 1186 inperium
1679 1133 1743 1173 vel
1774 1149 1797 1174 a
1828 1148 1911 1186 quo

103 1205 144 1238 15
170 1201 308 1238 creata
329 1197 382 1238 sit
412 1197 550 1239 dicito.
609 1198 882 1240 ARCHELAUS
911 1212 1055 1241 Dlxrr:
1087 1200 1131 1241 Si
1161 1200 1241 1241 hoc
1271 1199 1509 1253 plenissime
1539 1201 1769 1250 ostendero,
1800 1201 1911 1253 quod

171 1264 449 1305 substantiam
478 1264 690 1318 ingenitae
720 1267 892 1305 naturae
922 1280 1033 1307 mors
1064 1265 1217 1306 habere
1253 1281 1337 1308 non
1373 1266 1521 1319 possit,
1562 1280 1700 1307 nonne
1742 1265 1912 1306 confite-

171 1330 277 1370 beris
307 1344 436 1370 unum
467 1332 586 1371 deum
619 1345 705 1372 esse
733 1334 773 1372 et
803 1331 914 1372 hunc
933 1323 1194 1385 ingeniti'im'?
1226 1332 1381 1373 MANES
1410 1346 1555 1374 DIXIT:
1586 1331 1786 1386 Loquere,
1816 1331 1913 1373 sub-

170 1395 299 1437 tiliter
329 1395 437 1436 enim
468 1395 528 1436 vis
558 1396 798 1438 discernere.
840 1397 1108 1439 ARCHELAUS
1128 1412 1272 1440 DIXIT:
1310 1399 1417 1448 Quia
1436 1402 1482 1440 tu
1503 1399 1628 1440 verba
1649 1399 1721 1439 illa
1740 1399 1798 1439 ita
1818 1413 1913 1451 pro-

172 1462 317 1513 tulisti,
346 1465 562 1516 tamquam
592 1462 670 1503 tibi
700 1463 950 1516 proficerent
979 1464 1030 1505 ad
1062 1464 1340 1506 ostensionem
1369 1465 1579 1519 ingenitae
1601 1464 1766 1513 radicis3
1797 1464 1913 1505 suffi-

103 1539 148 1573 20
172 1528 288 1569 ciunt
328 1531 467 1570 tamen
503 1529 624 1571 nobis
656 1544 703 1570 ea
734 1544 841 1583 quae
870 1544 995 1584 supra
1023 1533 1199 1572 tractata
1241 1533 1354 1581 sunt,
1396 1531 1439 1571 in
1483 1531 1632 1585 quibus
1674 1530 1913 1584 plenissime

172 1594 428 1636 ostendimus
468 1595 714 1649 inpossibile
763 1610 852 1637 esse
893 1598 1070 1638 duarum
1119 1600 1360 1638 naturarum
1407 1597 1690 1650 ingenitarum
1738 1597 1913 1637 existere

170 1675 292 1715 posse
323 1662 587 1703 substantias.

279 1727 459 1768 XXXIV
489 1727 647 1780 (XXX).
700 1729 877 1770 IUDICES
906 1742 1154 1770 DixERUNT:
1196 1730 1276 1771 Dic
1306 1732 1357 1770 ad
1388 1744 1436 1770 ea
1466 1744 1570 1784 quae
1600 1744 1734 1783 nuper
1762 1744 1913 1782 propo-

172 1796 265 1845 suit,
296 1810 320 1836 o
350 1793 566 1835 Archelae.
625 1795 893 1836 ARCHELAUS
923 1808 1062 1838 DixIT:
1099 1795 1338 1850 Principem
1368 1795 1512 1836 mundi
1544 1798 1584 1836 et
1613 1795 1842 1849 malignum
1874 1798 1915 1836 et

103 1870 147 1903 25
170 1861 362 1902 tenebras
393 1863 434 1901 et
463 1863 641 1902 mortem
670 1876 801 1902 unum
833 1863 1092 1915 eundemque
1123 1876 1210 1903 esse
1241 1862 1341 1904 dicit
1359 1862 1581 1916 legemque
1611 1862 1662 1902 ab
1693 1876 1740 1903 eo
1763 1863 1912 1910 datam,

170 1930 341 1981 propter
370 1927 450 1968 hoc
481 1929 592 1980 quod
622 1927 824 1981 scriptum
854 1929 928 1980 est,
958 1932 1231 1969 ministerium
1259 1933 1410 1980 mortis,
1442 1932 1483 1970 et
1511 1928 1675 1982 reliqua
1706 1942 1811 1982 quae
1843 1927 1913 1969 ob-

170 1993 278 2034 iecit.
337 1991 544 2042 Quoniam
573 1992 732 2046 inique,
763 1994 871 2035 sicut
900 1994 1089 2048 superius
1119 1995 1317 2046 diximus,
1352 1995 1557 2036 maiorum
1593 1993 1817 2035 memoriae
1846 1992 1914 2033 lex

172 2074 257 2100 non
287 2058 508 2112 diligenter
537 2057 753 2109 haerebat,
794 2059 949 2113 scripta
991 2061 1237 2102 naturaliter
1277 2063 1321 2103 in
1352 2062 1546 2103 cordibus
1578 2075 1736 2109 eorum,
1778 2073 1912 2112 neque

172 2127 283 2179 apud
313 2124 495 2165 seniores
527 2127 613 2165 erat
642 2125 741 2165 satis
773 2125 893 2166 firma
923 2126 1109 2178 traditio,
1141 2142 1235 2169 cum
1267 2142 1336 2169 eos
1367 2127 1537 2168 inimica
1566 2141 1729 2180 semper
1758 2140 1914 2167 memo-

104 2198 148 2232 30
171 2193 257 2233 riae
286 2191 529 2243 inrepsisset
550 2191 719 2242 oblivio,
750 2195 792 2232 et
822 2192 942 2233 aliter
971 2192 1063 2246 quis
1084 2195 1273 2236 eruditur
1303 2211 1326 2235 a
1355 2194 1568 2248 magistro,
1601 2192 1720 2234 aliter
1741 2208 1764 2232 a
1785 2195 1914 2232 semet

171 2257 273 2311 ipso,
315 2257 588 2311 proveniebat
634 2257 756 2299 facile
803 2258 907 2312 legis
955 2259 1199 2301 naturaliter
1245 2260 1421 2314 scriptae
1467 2260 1740 2313 transgressio
1784 2261 1824 2299 et
1866 2273 1914 2299 ex

171 2325 526 2377 praevaricatione
574 2324 868 2366 mandatorum
916 2339 1093 2378 regnum
1142 2341 1254 2368 mors
1303 2327 1346 2367 in
1394 2325 1632 2368 hominibus
1683 2324 1913 2371 obtinebam

172 2389 462 2431 huiuscemodi
498 2393 561 2430 est
591 2390 701 2430 enim
732 2404 864 2445 genus
896 2391 1114 2433 hominum
1151 2393 1263 2446 quod
1293 2393 1411 2446 virga
1441 2392 1575 2433 ferrea
1604 2392 1696 2444 regi
1724 2391 1912 2444 indigeat

287 2467 309 2502 8
335 2466 436 2502 Rem.
461 2468 492 2509 5,
519 2468 561 2502 14
586 2487 628 2490 —
657 2467 707 2502 10
732 2468 747 2500 Ι
773 2468 857 2502 Kor.
884 2469 936 2511 15,
962 2470 1005 2503 54
1031 2489 1074 2493 —
1101 2470 1150 2504 12
1177 2469 1314 2503 Weish.
1340 2469 1413 2503 Sal.
1439 2470 1468 2510 1,
1496 2470 1536 2503 13
1561 2488 1604 2492 —
1630 2468 1679 2502 26
1706 2467 1785 2502 Gal.
1811 2467 1910 2509 3‚13.

174 2522 205 2555 1[
232 2522 315 2557 Kor.
341 2524 372 2565 3,
399 2525 417 2558 T

292 2590 363 2624 GM

287 2657 308 2691 2
334 2657 440 2701 esset]
466 2658 595 2701 Routlc,
622 2660 742 2694 essent
769 2659 842 2693 OM
881 2660 884 2703 Ι
930 2659 954 2694 4
979 2659 1088 2693 sumit
1116 2660 1146 2694 O
1186 2660 1190 2702 Ι
1235 2660 1293 2702 ΘΠ
1334 2659 1420 2703 quia
1457 2659 1512 2703 ex]
1551 2659 1613 2702 qui
1638 2670 1660 2692 a,
1688 2657 1718 2692 Ο
1758 2658 1762 2700 l
1810 2658 1827 2693 7
1868 2667 1910 2690 ex

174 2718 217 2750 <
247 2712 276 2746 C
316 2719 319 2756 Ι
363 2714 442 2747 tum
466 2720 508 2751 <
536 2714 581 2747 Μ
618 2715 622 2758 Ι
667 2715 691 2750 9
723 2726 767 2749 ex
797 2715 970 2760 tempore]
997 2716 1162 2760 exemplo
1187 2727 1226 2750 re
1255 2715 1285 2750 Ο
1324 2716 1328 2759 Ι
1374 2716 1421 2750 11
1454 2715 1589 2750 habere
1619 2714 1842 2748 monstratur
1866 2725 1911 2743 cx>

175 2767 220 2801 M
257 2768 262 2811 Ι
308 2768 356 2804 16
382 2768 552 2813 ingeniae
582 2770 612 2805 O
650 2771 655 2814 Ι
701 2771 750 2806 18
788 2771 1002 2815 discernere]
1032 2771 1176 2814 Traube,
1214 2771 1350 2806 discere
1381 2771 1453 2805 CM
1490 2772 1494 2814 Ι
1542 2770 1590 2805 19
1627 2769 1709 2813 tibi]
1735 2768 1909 2811 cheaym',

175 2823 244 2857 sibi
273 2823 346 2858 OM
383 2824 387 2866 Ι
433 2824 485 2859 20
521 2825 576 2870 ea]
614 2827 650 2860 et
685 2837 707 2860 a
737 2825 766 2860 0
806 2828 810 2870 Ι
856 2827 906 2862 22
945 2827 1179 2872 substantias]
1217 2838 1286 2861 arcs
1321 2827 1564 2861 substantiam
1588 2837 1678 2860 corr.
1704 2825 1766 2859 ΜΞ
1810 2825 1815 2868 Ι
1859 2823 1910 2858 24

175 2878 364 2919 mehele}
389 2879 474 2915 RaS.
499 2893 567 2915 von
591 2882 708 2916 einem
731 2883 877 2917 Buelzst.
909 2883 939 2918 O
969 2885 973 2927 Ι
1019 2884 1065 2919 27
1095 2883 1230 2928 inique]
1256 2882 1419 2926 iniquam
1449 2882 1478 2916 G
1507 2883 1511 2925 l
1544 2882 1593 2917 28
1619 2881 1770 2916 herebas
1796 2881 1910 2924 cripta

180 2935 210 2969 C
248 2936 253 2978 1
298 2935 349 2970 30
385 2935 604 2982 inrepsisset]
630 2938 778 2973 ineresis
803 2940 859 2973 set
888 2939 918 2973 Ο

1938 415 1960 445 ‹¹›

1940 1011 1962 1045 ‘1³

1939 1211 1962 1243 S)

1942 1403 1991 1437 10

1940 1999 1961 2032 Ιῦ
