2164 3406
841 154 863 184 A
873 153 931 186 cta
957 151 1123 186 Archelai
1154 152 1272 185 Ι-ΗΙ.
1899 159 1920 194 :3

189 263 298 305 latos
330 267 368 304 et
400 277 601 316 equorum
632 263 838 304 frontibus
869 263 1068 315 inpulsos
1117 262 1172 303 Et
1192 262 1433 315 perduravit.
1464 263 1631 315 quidem
1663 263 1693 302 si
1728 263 1793 302 eui
1818 263 1920 302 vin-s·

189 331 357 371 fuerunt
386 328 604 377 tolerandi,
648 328 815 382 plurimi
858 344 954 370 vero
991 333 1084 369 ante
1123 344 1194 370 ora
1230 329 1494 369 dominorum
1525 328 1753 368 crudelium
1785 329 1920 369 eonci—

191 398 350 445 dentes,
393 395 550 436 animas
587 395 850 445 exhalabant,
891 397 1117 448 pendentes
1155 395 1352 436 uberibus
1387 394 1583 448 parvulos
1625 408 1721 434 suos
1758 398 1920 444 matres,

189 461 426 515 defatigatis
456 476 503 501 ac
533 461 722 502 demissis
759 476 881 503 onere
911 462 1108 510 brachiis,
1139 461 1253 501 humi
1285 460 1471 501 decidere
1503 460 1708 509 sinebant,
1741 461 1920 513 agitatae

141 530 162 564 5
188 527 494 581 insequentium
524 526 662 576 minis;
694 527 827 568 omnis
858 542 953 568 vero
985 527 1125 567 senilis
1156 529 1269 568 aetas
1291 527 1399 567 vieta
1421 526 1632 567 laboribus
1661 540 1707 566 ac
1739 526 1921 567 resoluta

187 608 260 646 per
289 593 468 634 inediam
500 594 719 633 corruebat
748 593 788 633 in
819 596 981 635 terram.
1031 593 1206 646 Superbi
1229 608 1324 634 vero
1346 593 1499 633 milites
1527 593 1605 634 1100
1634 595 1718 632 tam
1750 598 1918 634 cruento

188 658 497 700 conlabentium
546 659 783 711 spectaculo
826 663 1039 713 tamquam
1079 659 1292 712 voluptate
1336 659 1474 712 aliqua
1517 658 1778 707 fruebantur,
1827 673 1918 699 011111

186 724 289 766 alios
321 724 557 766 deficientes
599 725 724 766 sterni
756 725 845 767 solo
877 729 1105 775 cernerent,
1145 726 1187 765 in
1225 725 1316 765 aliis
1354 725 1442 765 sitis
1480 724 1696 765 ardoribus
1734 725 1918 777 fatigatis

184 791 443 832 intuerentur
473 791 596 831 etiam
626 793 739 833 vocis
770 794 969 838 meatum,
1010 794 1219 832 arescente
1250 790 1418 844 linguae
1451 790 1631 843 glutino,
1668 791 1916 843 praepediri,

117 862 160 896 10
185 857 288 898 alios
318 872 414 898 vero
445 857 641 906 viderent,
674 858 881 898 conversis
911 860 1006 909 post
1036 860 1153 910 terga
1174 856 1316 905 oculis,
1349 856 1624 908 expirantium
1651 855 1916 908 parvulorum

184 938 352 964 suorum
388 923 706 976 ingemiscentes
743 923 894 972 exitiis,
938 937 1031 963 cum
1072 922 1135 962 illi
1177 921 1484 963 infelicissimas
1520 924 1672 962 matres
1709 922 1917 975 vagitibus

183 989 469 1039 inclamarent,
510 988 606 1029 illae
637 1004 731 1030 vero
768 991 1024 1042 praedonum
1060 988 1355 1029 acerbitatibus
1398 987 1594 1040 agitatae,
1638 987 1788 1040 quibus
1819 988 1917 1029 solis

182 1054 310 1096 libere
356 1055 417 1095 uti
465 1054 633 1104 licebat,
676 1054 900 1107 gemitibus
942 1056 1254 1107 responderent:
1297 1068 1472 1107 quarum
1513 1053 1545 1094 si
1591 1067 1695 1106 quae
1737 1055 1917 1095 tenerius

182 1121 360 1174 propriis
389 1119 650 1161 indulserunt
679 1120 920 1170 visceribus,
957 1121 1149 1161 interitus
1180 1123 1335 1161 sortem
1365 1122 1511 1172 sponte
1541 1119 1621 1160 sibi
1650 1134 1791 1172 parem
1824 1135 1915 1159 1-11111

115 1192 156 1226 15
182 1186 279 1227 filiis
309 1189 689 1240 praesumpserunt;
717 1186 750 1226 si
782 1201 887 1240 quae
918 1201 1013 1228 vero
1044 1187 1196 1227 habere
1227 1186 1387 1239 aliquid
1407 1185 1650 1226 tolerantiae
1679 1188 1915 1238 potuerunt,

182 1252 368 1306 captivae
409 1253 490 1293 11110
529 1267 660 1306 usque
701 1255 923 1305 perductae
965 1255 1071 1294 sunt.
1140 1251 1295 1293 Triduo
1338 1251 1479 1305 itaque
1521 1254 1681 1298 exacto,
1730 1265 1824 1292 cum
1866 1266 1915 1291 ne

180 1319 374 1359 noctibus
405 1318 572 1372 quidem
610 1318 794 1372 aliquam
830 1319 1013 1372 requiem
1051 1319 1319 1371 cepissemus,
1362 1319 1414 1357 ad
1454 1317 1591 1358 locum
1628 1317 1738 1357 1111110
1767 1319 1915 1369 perdu-

182 1384 325 1432 cimur,
356 1384 397 1424 in
430 1398 512 1437 quo
542 1387 638 1437 post
666 1385 768 1425 haec
798 1385 880 1425 iam
911 1385 1010 1438 quid
1042 1387 1205 1438 gestum
1236 1384 1290 1424 sit
1318 1383 1468 1424 melius
1499 1383 1587 1436 ipse
1618 1385 1663 1423 tu
1694 1383 1814 1424 nosti.

289 1449 360 1491 HI.
391 1449 469 1491 His
501 1450 650 1490 auditis
680 1450 890 1503 piissimus
922 1450 1144 1491 Marcellus
1173 1450 1401 1503 plurimum
1431 1450 1475 1490 in
1494 1448 1686 1490 lacrimas
1716 1449 1911 1502 profusus

111 1524 155 1558 20
180 1519 250 1566 est,
282 1518 500 1557 miseratus
530 1518 669 1557 tantos
701 1519 740 1556 et
769 1519 855 1557 tam
884 1517 1020 1557 varios
1052 1530 1186 1563 casus3
1219 1518 1289 1556 sed
1311 1515 1414 1556 nihil
1434 1517 1629 1565 moratus,
1661 1513 1776 1555 cibos
1797 1529 1914 1567 prae-

178 1584 313 1635 parat,
355 1581 540 1634 fatigatis
575 1596 648 1635 per
689 1581 956 1635 semetipsum
997 1581 1227 1623 ministeria
1270 1581 1485 1632 exhibens,
1525 1582 1712 1622 imitatus
1753 1583 1914 1633 pat-rem

177 1650 365 1688 nostrum
406 1647 618 1688 Abraham
658 1647 951 1701 patriarcham,
1002 1648 1073 1701 qui
1121 1649 1330 1701 quondam
1379 1647 1540 1700 angelis
1582 1662 1605 1686 a
1647 1661 1689 1687 se
1732 1646 1912 1699 hospitio

177 1714 399 1766 susceptis,
441 1728 525 1754 non
553 1714 785 1755 vernaculis
828 1714 1033 1767 inperavit
1074 1713 1250 1754 vitulum
1292 1713 1451 1754 deferre
1494 1714 1543 1753 de
1585 1712 1800 1766 gregibus,
1843 1714 1912 1752 sed

175 1780 264 1833 ipse
295 1779 432 1821 senior
460 1779 687 1832 inpositum
718 1781 900 1821 humeris
929 1779 1103 1833 pertulit
1132 1794 1179 1820 ac
1214 1794 1287 1832 per
1322 1782 1452 1820 semet
1492 1781 1758 1831 praeparatos
1799 1777 1911 1819 cibos

109 1852 152 1886 25
176 1845 355 1898 propriis
385 1845 576 1886 manibus
607 1845 766 1899 angelis
796 1846 999 1899 adposuit.
1061 1845 1195 1887 Simili
1227 1848 1266 1886 et
1295 1844 1518 1885 Marcellus
1555 1845 1722 1886 functus
1761 1843 1909 1885 officio.

177 1913 304 1952 denos
334 1911 546 1965 praecepit
574 1926 647 1964 per
679 1911 869 1953 convivia
888 1911 1092 1962 reclinari,
1122 1910 1479 1965 septingentisque
1501 1910 1693 1952 omnibus
1715 1910 1911 1951 extructis

177 1977 347 2029 mensis,
385 1992 478 2018 cum
508 1977 668 2031 ingenti
697 1977 857 2017 laetitia
887 1977 1098 2018 reficiebat
1133 1978 1362 2028 universos,
1403 1978 1463 2017 ita
1503 1979 1549 2016 ut
1593 1976 1664 2029 qui
1700 1990 1910 2028 superesse

175 2046 397 2095 potuerant
426 2043 678 2084 oblivionem
720 2046 914 2096 caperent
948 2043 1139 2084 laborum
1181 2057 1228 2084 ac
1263 2043 1392 2084 totius
1422 2042 1522 2083 mali
1560 2041 1821 2082 efficerentur
1849 2042 1911 2082 in-

1950 599 1966 632 ἲ

1938 1850 1959 1883 Ιῦ

174 2123 389 2150 memores.
459 2109 564 2150 Cum
605 2111 743 2150 autem
785 2108 955 2162 quintus
998 2108 1181 2150 decimus
1222 2108 1522 2162 transigeretur
1563 2107 1667 2158 dies,
1708 2107 1907 2148 Marcello
1936 2110 1960 2144 3

107 2180 151 2214 30
176 2178 324 2215 cuncta
354 2175 528 2216 adfatim
558 2175 819 2216 ministrante
858 2175 1048 2228 captivis,
1090 2174 1249 2227 placuit
1291 2174 1347 2215 eis
1390 2174 1582 2215 omnibus
1618 2173 1828 2214 remeandi
1859 2175 1909 2213 ad

173 2240 342 2294 propria
370 2241 498 2282 tribui
528 2240 781 2293 facultatem,
811 2243 975 2294 praeter
1004 2255 1074 2281 eos
1105 2256 1209 2295 quos
1239 2240 1457 2281 vulnerum
1485 2253 1654 2280 suorum
1684 2253 1782 2280 cura
1811 2238 1907 2279 reti-

174 2308 310 2357 nebat,
342 2307 493 2360 quibus
525 2307 760 2360 conpetenti
790 2307 975 2348 adhibita
994 2307 1167 2358 medela,
1197 2308 1249 2347 ad
1279 2321 1352 2347 sua
1374 2308 1532 2346 ceteros
1553 2304 1667 2345 abire
1686 2305 1909 2358 praecepit.

287 2395 338 2429 22
366 2395 454 2430 Gen.
482 2395 524 2429 18

292 2461 364 2496 ΟΜ

287 2530 307 2563 1
337 2530 502 2574 expulsos
526 2528 570 2562 M
609 2531 614 2573 Ι
659 2530 681 2564 2
707 2529 806 2563 fuere
830 2529 875 2562 M
902 2529 906 2572 Ι
952 2529 975 2563 3
1000 2528 1198 2563 exalabant
1221 2528 1265 2561 Μ
1292 2528 1297 2570 Ι
1329 2528 1353 2562 4
1378 2527 1532 2561 dimissis
1563 2527 1591 2561 0
1619 2528 1624 2569 Ι
1657 2526 1679 2560 5
1706 2525 1814 2569 victa]
1837 2537 1906 2559 aas

172 2584 251 2618 uita
273 2584 387 2618 (lurda
410 2584 609 2628 2z'iberqesclzs.
635 2596 653 2619 0
678 2596 768 2618 corr.
799 2585 848 2619 02
880 2585 882 2627 Ι
916 2586 939 2619 9
966 2584 1159 2618 arescentis
1172 2584 1217 2618 Μ
1244 2584 1248 2627 Ι
1284 2584 1334 2618 10
1359 2585 1502 2627 tergum
1517 2582 1560 2615 Μ
1588 2584 1591 2625 Ι
1628 2583 1674 2617 11
1702 2582 1818 2616 exitus
1832 2582 1874 2614 Μ
1901 2582 1904 2625 Ι

175 2640 224 2674 13
250 2640 519 2685 respondebant
541 2640 585 2674 Μ
613 2642 617 2684 Ι
650 2641 700 2676 14
725 2639 960 2685 indulgerent
982 2640 1011 2674 O
1029 2640 1213 2674 indulsere
1237 2640 1281 2673 Μ
1310 2640 1313 2683 Ι
1348 2640 1397 2674 18
1424 2638 1517 2683 gesti
1534 2638 1578 2671 Μ
1605 2639 1610 2681 Ι
1641 2640 1681 2672 tu
1699 2644 1741 2674 <
1763 2638 1792 2671 C
1815 2638 1819 2681 Ι
1855 2638 1903 2672 19

172 2695 267 2729 vach
290 2695 422 2730 auditis
440 2701 481 2737 -Ι-
499 2695 555 2730 1111·
573 2696 602 2730 C
636 2697 640 2739 Ι
675 2696 869 2740 plurimum
894 2695 931 2729 in
954 2695 1136 2739 lacrimas]
1163 2695 1337 2741 plurimas
1355 2695 1523 2729 lacrimas
1536 2694 1579 2727 Μ
1602 2696 1605 2729 l
1635 2694 1682 2728 21
1703 2692 1902 2726 ministerio

172 2762 300 2796 parens
324 2751 366 2784 M
407 2752 410 2795 Ι
457 2752 507 2787 23
544 2752 587 2786 (10
612 2758 654 2789 <
679 2751 723 2785 Μ
761 2753 766 2795 Ι
811 2752 862 2787 24
900 2763 937 2786 se
972 2752 1017 2785 ss]
1055 2752 1059 2794 Ι
1105 2752 1155 2787 25
1193 2751 1346 2796 apponit
1382 2750 1426 2784 Μ
1496 2750 1546 2785 28
1584 2750 1779 2794 potuerunt
1809 2748 1853 2780 M
1899 2748 1901 2790 Ι

173 2806 356 2841 obliuione
374 2807 403 2842 Ο
431 2808 434 2850 Ι
469 2807 520 2843 29
544 2808 856 2851 transgrederetur
879 2808 924 2841 lll
951 2808 955 2850 Ι
989 2807 1041 2843 30
1066 2809 1196 2842 cuncta
1220 2813 1262 2844 <
1287 2807 1331 2840 Μ
1369 2808 1373 2849 Ι
1416 2804 1639 2840 ministranti
1662 2804 1780 2837 Routle
1813 2804 1816 2845 Ι
1851 2803 1899 2837 31

173 2869 374 2900 suorum<
399 2864 427 2897 G
450 2864 454 2906 Ι
488 2864 537 2898 32
564 2865 769 2908 competens
793 2863 822 2897 C
845 2865 848 2906 Ι
876 2863 1053 2907 adhibita]
1081 2863 1103 2896 d
1128 2874 1196 2896 aas
1221 2864 1238 2896 t
1261 2873 1351 2897 corr.
1371 2862 1415 2896 02
1447 2862 1450 2905 Ι
1482 2860 1639 2895 medella
1663 2860 1751 2892 steht
1768 2859 1900 2893 (assas.

171 2929 236 2951 von
265 2922 350 2951 ewa
377 2929 471 2952 nean
497 2919 660 2958 Euolet,
686 2919 750 2953 clas»
773 2919 894 2953 meite
917 2919 931 2952 l
955 2919 1004 2951 ist
1027 2918 1296 2952 (lm-clastriclzen
1329 2918 1358 2952 0
1398 2921 1401 2960 Ι
1447 2918 1582 2951 ceteros⁴
1607 2916 1653 2949 ad
1679 2926 1741 2948 sua
1768 2914 1810 2947 Μ

1575 2973 1619 3004 1²³²
