2164 3406
268 183 289 220 2
296 183 318 220 6
1013 173 1255 218 Hegemonius

260 290 608 339 praemstratorem
648 301 707 325 me
748 289 945 325 cons-timo.
1004 283 1096 325 Hoc
1131 287 1268 324 autem
1306 284 1423 335 dicit,
1466 284 1641 337 gentiles
1687 299 1756 325 eos
1791 284 1989 335 iudicans,

266 356 434 406 propter
464 354 575 405 quod
605 351 680 391 sub
712 351 924 391 elementis
954 350 1098 390 mundi
1129 353 1280 400 essent,
1316 350 1559 402 priusquam
1589 350 1746 390 veniret
1774 350 1989 403 plenitudo

268 418 373 467 fidei,
404 420 614 458 credentes
644 418 687 457 in
716 417 807 470 lege
839 419 878 456 et
906 416 1128 469 prophetis.

376 483 475 523 XVI
506 483 646 536 (XIV).
696 482 862 523 {inmens
892 495 1135 522 DIXERUNT:
1184 480 1228 521 Si
1264 481 1363 533 quid
1401 482 1535 521 adhuc
1564 482 1823 523 manifestius
1854 482 1990 531 habes,

223 556 242 588 5
267 549 332 590 dic
374 552 421 589 de
459 549 667 589 doctrinae
703 552 796 588 tuae
835 550 957 588 modo
989 550 1028 587 et
1057 547 1154 587 fidei
1184 546 1318 587 titulo.
1376 547 1530 587 MANEs
1570 560 1714 587 DIXIT:
1757 547 1847 600 Ego
1890 550 1990 589 duas

266 620 432 656 naturas
480 629 566 654 esse
610 615 716 662 dico„
759 628 882 653 unam
924 615 1074 653 bonam
1122 615 1162 653 et
1203 612 1373 653 alteram
1413 611 1580 662 malam,
1623 615 1663 652 et
1704 628 1792 653 eam
1824 614 1991 666 quidem

268 696 371 734 quae
403 682 507 721 bona
547 682 607 719 est
642 680 685 719 in
722 678 970 731 quibusdam
1001 678 1187 731 partibus
1218 677 1421 728 habitare3
1462 677 1615 718 malam
1656 692 1752 720 vero
1790 693 1877 720 esse
1906 682 1991 719 tam

267 748 467 786 mundum
503 746 613 785 hunc
661 759 784 797 quam
822 745 961 784 omnia
1003 758 1108 797 quae
1138 744 1179 784 in
1211 758 1257 783 eo
1289 746 1393 789 sunt,
1426 757 1531 796 quae
1563 744 1682 796 quasi
1713 744 1919 797 ergastula
1948 745 1990 784 in

265 814 380 864 parte
411 811 583 864 maligni
612 811 749 863 posita
778 812 889 860 sunt,
921 811 1027 850 sicut
1056 810 1113 850 ait
1142 809 1359 850 lohannes:
1403 812 1518 849 Totus
1546 812 1716 849 mundus
1744 813 1789 849 in
1816 813 1991 861 malessgyno

201 885 243 918 10
266 884 321 917 cst
347 881 520 928 possim,
563 879 603 917 et
642 891 726 917 non
767 877 810 916 in
847 878 933 917 deo.
991 875 1217 928 Propterea
1256 877 1336 916 duo
1377 874 1469 915 loca
1506 889 1593 915 esse
1625 874 1821 921 diximus,
1864 890 1991 915 unum

266 942 419 983 bonum
451 946 490 982 et
520 942 646 982 alium
675 942 844 992 malum,
889 942 961 995 qui
992 944 1105 990 extra
1137 956 1229 981 eum
1261 944 1338 991 est,
1382 944 1428 981 ut
1457 941 1499 980 in
1529 940 1592 980 his
1622 941 1803 993 spatium
1832 941 1991 981 habens

267 1011 407 1061 posset
436 1008 477 1048 in
508 1023 549 1048 36
580 1007 787 1059 suscipere
819 1010 1047 1048 creaturam
1077 1007 1230 1048 mundi.
1290 1005 1333 1047 Si
1364 1006 1472 1046 enim
1503 1005 1678 1047 dicimus
1708 1005 1990 1047 monarchiam

267 1073 387 1114 unius
418 1075 587 1113 naturae
618 1076 658 1113 et
687 1073 825 1113 omnia
855 1075 977 1113 deum
1007 1072 1164 1125 replere
1196 1076 1235 1112 et
1264 1071 1422 1111 nullum
1457 1086 1543 1112 esse
1574 1073 1814 1112 extraneum
1843 1072 1992 1123 locum⁷

269 1139 359 1191 quis
391 1139 467 1178 erit
497 1141 705 1178 creaturae
742 1141 980 1191 susceptor?
1029 1138 1102 1178 ubi
1144 1138 1331 1191 gehenna
1360 1137 1498 1191 ignis?
1546 1138 1619 1178 ubi
1659 1138 1852 1177 tenebrae
1883 1140 1991 1178 exte-

202 1213 242 1245 15
268 1204 419 1245 riores?
460 1205 532 1244 ubi
567 1203 713 1244 fietus?
755 1203 802 1244 In
837 1205 928 1257 ipso
971 1204 1130 1244 dicam?
1179 1203 1318 1250 Absit3
1363 1202 1549 1255 alioquin
1586 1203 1708 1243 etiam
1738 1203 1825 1255 ipse
1856 1203 1898 1243 in
1929 1203 1991 1244 his
2015 1204 2037 1238 3

266 1270 420 1322 pariter
450 1269 708 1310 cruciabitur.
767 1268 865 1310 Non
896 1269 975 1310 ista
1005 1268 1191 1310 sentiatis
1224 1268 1474 1321 quicumque
1495 1267 1639 1308 salutis
1660 1270 1820 1308 vestrae
1851 1283 1990 1309 curam

265 1336 433 1388 geritis?
476 1334 707 1387 exemplum
751 1336 859 1375 enim
896 1334 1014 1375 vobis
1047 1334 1197 1384 dicam,
1239 1337 1285 1374 ut
1325 1333 1487 1386 plenius
1528 1333 1791 1387 intellegatis.
1851 1333 1990 1375 Unum

263 1416 334 1441 vas
365 1404 425 1441 est
453 1402 648 1449 mundus;
691 1402 802 1453 quod
843 1400 878 1440 si
920 1400 985 1440 dei
1015 1400 1248 1440 substantia
1284 1402 1418 1440 totum
1448 1400 1528 1440 hoc
1557 1413 1628 1439 vas
1658 1399 1850 1452 replevit,
1889 1414 1990 1453 quo-

263 1468 385 1507 modo
416 1467 497 1506 iani
527 1468 664 1518 potest
692 1465 730 1505 in
762 1466 852 1518 ipso
883 1480 978 1506 vase
1009 1464 1169 1518 aliquid
1200 1464 1377 1517 amplius
1408 1464 1580 1517 reponi?
1612 1464 1655 1505 Si
1685 1464 1886 1518 repletum
1919 1468 1990 1514 est,

197 1534 470 1584 ecquomodo
503 1531 700 1584 suscipiet
730 1533 840 1584 quod
871 1531 1054 1584 ponitur,
1096 1531 1175 1571 nisi
1217 1533 1439 1571 evacuetur
1476 1532 1525 1570 de
1561 1545 1656 1570 vase
1692 1545 1787 1583 pars
1824 1531 1990 1584 aliqua?

263 1598 349 1638 Aut
385 1612 466 1651 quo
495 1596 685 1650 proficiet
715 1599 825 1650 quod
863 1596 1145 1644 evacuabitur,
1189 1611 1284 1637 cum
1325 1596 1441 1637 locus
1483 1611 1567 1637 non
1608 1595 1688 1637 sit?
1732 1596 1814 1638 Ubi
1856 1599 1991 1638 terra?

264 1663 336 1703 ubi
367 1662 551 1703 caelum?
591 1662 662 1702 ubi
692 1664 891 1714 abyssus?
933 1661 1005 1702 ubi
1035 1661 1204 1702 stellae?
1246 1661 1318 1702 ubi
1348 1663 1491 1702 sedes?
1531 1662 1604 1702 ubi
1633 1664 1886 1715 potestates?
1916 1662 1987 1703 ubi

265 1728 499 1781 principes?
538 1728 611 1767 ubi
651 1729 844 1768 tenebrae
883 1727 1130 1768 exteriores?
1173 1727 1264 1780 quis
1301 1730 1362 1768 est
1399 1727 1470 1780 qui
1499 1728 1646 1768 horum
1674 1727 1814 1781 posuit
1843 1727 1990 1768 funda-

264 1797 413 1843 menta,
446 1796 485 1833 et
514 1793 611 1833 ubi?
641 1791 739 1833 Non
769 1796 905 1845 potest
934 1792 1083 1845 aliquis
1115 1793 1265 1844 dicere,
1304 1793 1385 1833 nisi
1419 1793 1526 1833 forte
1554 1793 1822 1846 blasphemet.
1881 1792 1990 1842 Quo-

198 1865 240 1898 ‘25
265 1861 387 1900 modo
430 1862 567 1900 autem
610 1863 649 1899 et
680 1860 854 1900 condere
884 1858 1020 1911 potuit
1048 1862 1274 1909 creaturas,
1314 1874 1398 1900 non
1429 1858 1677 1899 subsistente
1706 1860 1905 1900 materia?
1947 1858 1991 1899 Si

266 1924 373 1964 enim
413 1926 461 1965 de
502 1938 584 1964 non
626 1924 877 1973 extantibus,
920 1927 1194 1977 consequatur
1234 1926 1306 1965 has
1344 1924 1528 1965 visibiles
1560 1927 1768 1965 creaturas
1798 1924 1989 1965 meliores

266 2004 352 2031 esse
383 1993 423 2030 et
453 1990 643 2031 omnibus
673 1990 894 2030 virtutibus
924 1990 1076 2042 plenas.
1136 1989 1255 2038 Quod
1286 1990 1319 2030 si
1349 1989 1508 2030 malitia
1538 1993 1609 2040 est,
1654 1992 1693 2030 et
1722 2004 1831 2031 mors
1861 1990 1905 2030 in
1932 1990 1989 2030 eis

266 2059 305 2095 et
335 2056 542 2108 corruptio
575 2058 614 2095 et
644 2055 676 2095 si
709 2055 808 2108 quid
837 2056 946 2097 bono
984 2055 1235 2096 contrarium
1272 2058 1348 2105 est,
1393 2057 1602 2108 quomodo
1645 2070 1693 2096 ex
1735 2055 1815 2096 alia
1842 2058 1988 2096 natura

265 2121 394 2161 factas
425 2135 512 2162 esse
543 2135 609 2162 eas
640 2121 840 2162 dicimus?
890 2120 933 2161 Si
962 2136 1059 2162 vero
1091 2121 1358 2162 consideretis
1390 2123 1598 2174 quomodo
1638 2124 1884 2174 generentur
1913 2120 1990 2161 filii

199 2192 241 2226 30
266 2186 489 2235 hominum,
519 2186 736 2227 invenietis
767 2201 849 2227 non
881 2201 967 2227 esse
999 2189 1121 2227 deum
1151 2186 1329 2227 hominis
1361 2189 1602 2236 creatorem3
1640 2188 1711 2227 sed
1741 2186 1886 2236 alium,
1917 2186 1990 2240 qui

266 2254 305 2291 et
346 2251 432 2305 ipse
473 2252 680 2305 ingenitae
722 2255 782 2292 est
823 2255 1008 2302 naturae,
1050 2252 1166 2292 cuius
1208 2252 1396 2292 conditor
1435 2251 1575 2292 nullus
1616 2265 1691 2292 nec
1721 2254 1883 2293 creator
1913 2266 1989 2292 nec

378 2350 399 2383 2
426 2350 487 2386 ml.
515 2350 592 2383 Gai.
618 2352 648 2392 4,
674 2350 694 2384 3
720 2370 761 2374 —
786 2351 809 2384 9
836 2350 851 2382 i
876 2350 949 2384 ioh.
977 2351 1006 2391 5,
1029 2351 1070 2384 10

381 2416 451 2450 cul

378 2483 400 2516 3
427 2483 509 2517 fidei
534 2483 729 2527 credentes]
757 2483 907 2517 fidentes
931 2483 975 2515 Μ
1013 2484 1016 2525 Ι
1060 2482 1086 2517 4
1111 2482 1290 2526 dixerunt]
1316 2494 1382 2515 ctus
1409 2482 1500 2516 dixit
1525 2493 1614 2516 corr.
1646 2482 1695 2516 03
1727 2483 1731 2525 Ι
1770 2482 1898 2525 adhuc]
1919 2482 1989 2516 hoc

266 2537 310 2570 Μ
348 2539 350 2580 Ι
396 2539 417 2572 5
444 2539 628 2573 doctrinae
652 2540 748 2583 tuae]
777 2539 942 2573 (lecti-ina
965 2540 1029 2572 tua
1046 2538 1090 2571 Μ
1116 2538 1120 2578 Ι
1153 2538 1176 2572 6
1200 2548 1309 2570 unam
1330 2564 1336 2571 .
1355 2565 1362 2571 .
1381 2537 1544 2581 alteram]
1572 2539 1608 2571 et
1632 2550 1703 2571 non
1727 2549 1838 2571 unam
1854 2537 1987 2572 bonam

266 2594 302 2626 et
326 2592 369 2625 Μ
407 2594 410 2635 Ι
458 2593 507 2627 10
533 2596 586 2628 est
609 2595 745 2638 positus
770 2595 816 2638 et]
842 2594 978 2639 positus
1004 2595 1057 2627 est
1081 2592 1126 2626 M
1164 2593 1168 2635 Ι
1216 2593 1260 2627 11
1301 2593 1435 2627 malum
1461 2600 1502 2630 <
1532 2593 1562 2627 O
1592 2592 1765 2626 vz'elleielzt
1787 2593 1855 2626 mz't
1879 2592 1989 2626 Reeht

266 2648 269 2685 Ι
309 2648 347 2681 in
371 2655 412 2685 <
441 2649 483 2681 Μ
522 2650 526 2691 Ι
571 2650 663 2683 maele„
699 2650 753 2683 his
779 2655 819 2689 -Ι-
846 2650 906 2693 qui
942 2651 1043 2684 extra
1075 2648 1210 2682 bonum
1243 2650 1297 2682 est
1321 2648 1364 2681 Μ
1403 2649 1406 2691 Ι
1453 2648 1501 2682 12
1539 2648 1650 2692 possit
1674 2648 1718 2681 Μ
1757 2649 1760 2691 Ι
1807 2649 1851 2683 13
1886 2649 1988 2682 extra

267 2716 345 2737 eum
376 2704 404 2738 Ο
445 2706 448 2746 Ι
495 2706 542 2739 16
575 2705 799 2739 cruciabsstur
830 2707 865 2747 (a
887 2706 936 2739 ‘ist
960 2704 1179 2746 ausraclz'ert)
1211 2704 1240 2737 G
1279 2704 1283 2745 Ι
1331 2704 1379 2738 18
1405 2702 1500 2740 si<
1529 2704 1558 2737 C
1599 2704 1602 2746 Ι
1648 2703 1696 2738 19
1733 2704 1888 2747 repletus
1916 2703 1946 2738 C
1983 2703 1986 2747 Ι

268 2760 316 2794 21
342 2759 454 2803 locus]
482 2760 577 2794 solus
603 2761 646 2793 ill
685 2761 688 2803 Ι
734 2760 784 2795 23
822 2761 912 2795 nach
934 2760 1110 2806 principes
1137 2763 1177 2798 -Ι-
1202 2759 1326 2792 mundi
1353 2759 1397 2792 Μ
1435 2759 1439 2801 Ι
1484 2759 1534 2793 24
1572 2758 1714 2803 aliquis]
1740 2758 1879 2802 aliquid
1904 2759 1948 2792 M
1983 2758 1986 2802 Ι

266 2815 490 2859 blasphemet
514 2816 606 2849 forte
631 2816 674 2848 Μ
693 2829 738 2846 (λ)
763 2816 823 2849 Μ2
866 2818 869 2859 Ι
914 2817 962 2851 26
995 2815 1255 2859 consequenter
1290 2814 1319 2848 O
1359 2815 1363 2857 Ι
1408 2813 1577 2857 visibiles]
1609 2814 1682 2848 uile
1712 2814 1780 2848 sibi
1804 2814 1849 2847 Μ
1886 2815 1890 2857 Ι
1935 2814 1982 2848 27

267 2881 340 2903 esse
365 2877 406 2907 <
432 2870 475 2902 Μ
514 2872 517 2913 Ι
563 2870 613 2905 28
638 2871 731 2904 nacla
757 2871 935 2914 quomodo
964 2876 1005 2911 -Ι-
1030 2883 1103 2905 non
1128 2869 1171 2903 Μ
1202 2869 1208 2911 Ι
1252 2870 1300 2904 29
1328 2870 1442 2904 factas
1468 2898 1474 2904 .
1502 2898 1508 2904 .
1535 2898 1541 2904 .
1570 2896 1576 2902 .
1602 2869 1764 2914 dicimus]
1790 2870 1887 2904 facta
1912 2880 1987 2904 esse

267 2925 424 2959 dicemus
449 2925 493 2958 Μ
529 2927 535 2969 Ι
579 2926 629 2961 30
654 2927 862 2970 creatorem]
889 2926 1112 2961 conditorem
1138 2925 1180 2958 Μ
