2164 3406
765 186 857 218 Actu
884 184 1054 219 Archelai
1079 184 1271 217 XX-—XXI
1284 185 1304 217 Ι.
1839 192 1888 229 323

158 300 220 339 est
250 298 354 338 utris
385 299 425 337 et
455 296 556 347 vini3
598 310 691 336 nam
735 297 812 337 etsi
856 296 1017 337 diversa
1058 296 1289 337 substantia
1331 296 1395 346 sit,
1439 299 1508 337 sed
1541 298 1819 337 dominatione
1851 303 1888 337 et

158 362 420 405 observantia
462 365 502 403 et
542 377 619 403 usu
662 376 712 403 ex
752 363 814 403 his
852 364 1011 404 duabus
1048 377 1129 402 una
1170 376 1345 414 persona
1383 363 1580 403 subsistit.
1641 362 1737 403 Non
1781 364 1887 403 onim
1915 369 1937 401 :ss

157 429 337 469 animam
386 427 561 469 dicimus
616 428 872 469 substantiae
922 429 1042 469 unius
1099 443 1187 469 esse
1235 442 1329 468 cum
1377 443 1564 482 corpore,
1620 432 1691 469 sed
1741 431 1888 469 habere

156 496 485 548 unumquodque
527 494 771 548 qualitatem
809 510 943 545 suamg
993 498 1032 535 et
1073 498 1286 547 tamquam
1329 497 1380 534 ad
1422 510 1549 535 uuum
1593 508 1722 548 genus
1765 500 1888 548 atque

110 568 130 601 ι’)
155 576 280 602 unam
322 561 499 614 speciem
538 561 753 603 hominum
791 564 883 602 uter
913 576 960 601 ac
992 562 1133 601 vinum
1176 564 1440 613 conparatur,
1483 561 1539 601 ita
1582 563 1632 602 ab
1675 576 1756 602 uno
1800 564 1889 610 «leo,

157 627 229 680 qui
259 627 400 667 omnia
429 630 513 668 tam
544 627 586 667 in
618 626 742 668 caelis
774 641 897 681 quam
931 628 1052 668 etiam
1083 628 1125 667 in
1156 630 1265 667 terra
1295 627 1466 676 creavit,
1507 628 1716 668 hominem
1749 628 1888 668 condi-

154 696 242 733 tum
273 693 379 734 ratio
412 692 568 746 expetit
605 693 806 741 veritatis3
850 695 1001 746 gaudet
1044 694 1153 734 enim
1196 693 1332 733 anima
1375 707 1545 746 corpore
1589 696 1627 733 vt
1670 692 1808 745 diligit
1850 696 1889 733 et

156 758 257 800 colit
297 758 418 809 illud,
460 759 731 800 nihilominus
775 759 897 799 etiam
936 774 1084 812 corpus
1116 760 1270 812 gaudet
1300 760 1350 799 ab
1382 759 1519 799 anima
1550 775 1592 799 se
1624 759 1891 799 vivificatum.

156 824 277 873 Quod
319 824 353 865 si
389 825 559 878 maligni
593 840 697 878 opus
728 824 837 865 dicat
868 839 954 865 esse
986 825 1078 878 quis
1110 839 1276 878 corpus,
1320 840 1411 865 cum
1455 826 1510 866 sit
1551 830 1591 865 et
1622 825 1890 877 corruptibile
1918 836 1940 870 4

88 896 131 930 10
155 905 202 931 ac
233 893 442 932 vetustum
473 894 601 944 atque
632 891 917 942 deterrimum,
959 907 1042 933 non
1078 894 1216 944 potest
1245 892 1352 931 ferre
1383 892 1551 944 spiritus
1582 891 1775 931 virtutem
1818 905 1892 931 nec

155 957 318 998 animae
361 957 684 998 commotionem
721 959 761 997 et
799 958 886 998 eius
917 957 1295 1010 splendidissimam
1327 961 1567 998 creaturam.
1626 958 1742 998 Sicut
1783 957 1891 997 enim

155 1025 446 1064 adsumentum
478 1022 604 1075 panni
635 1022 748 1062 rudis
779 1024 927 1064 adsuat
957 1024 1050 1076 quis
1087 1024 1334 1064 vestimento
1370 1023 1515 1075 veteri,
1553 1023 1686 1063 maior
1716 1022 1891 1063 scissura

155 1089 214 1138 fit,
244 1088 303 1129 ita
334 1088 457 1129 etiam
489 1102 650 1141 corpus,
681 1087 715 1128 si
744 1088 1074 1142 praeclarissimo
1105 1089 1231 1143 operi,
1262 1090 1434 1137 animae,
1465 1089 1723 1130 anlsociatum
1756 1089 1891 1134 fuerit,

155 1155 333 1196 interiet.
392 1154 593 1195 Similiter
623 1157 663 1195 et
692 1153 727 1195 si
757 1154 849 1207 quis
880 1154 1033 1196 inferat
1061 1156 1253 1197 lucernae
1283 1155 1424 1196 lumen
1461 1156 1503 1195 in
1533 1155 1673 1196 locum
1703 1156 1892 1195 tenebro—
1919 1165 1941 1199 5

87 1229 130 1263 15
155 1235 265 1273 sum,
307 1220 508 1275 fugantur
549 1220 746 1262 continuo
783 1222 976 1262 tenebrae
1005 1236 1082 1263 nec
1111 1224 1326 1275 adparent:
1362 1222 1420 1262 ita
1452 1221 1777 1275 intellegendum
1821 1223 1894 1272 est,

155 1287 292 1328 anima
324 1286 487 1340 corpori
515 1287 678 1338 inserta,
711 1287 906 1327 continuo
930 1289 1120 1329 tenebras
1152 1287 1355 1341 effugatas
1387 1290 1427 1328 et
1453 1302 1577 1327 unam
1598 1288 1680 1328 iam
1703 1287 1891 1328 effectam

156 1367 244 1394 esse
286 1356 478 1393 naturam
521 1356 645 1406 atque
680 1367 811 1393 unum
842 1354 1053 1395 hominem
1082 1354 1127 1394 in
1156 1369 1280 1394 unam
1310 1354 1488 1406 speciem
1521 1354 1810 1401 constitutum3
1854 1357 1893 1394 et

155 1420 213 1459 ita
243 1418 461 1459 conveniet
490 1422 766 1460 consonanter
795 1420 936 1460 vinum
974 1435 1128 1461 novum
1159 1434 1246 1461 esse
1276 1420 1448 1461 missum
1478 1420 1521 1459 in
1550 1423 1662 1460 utres
1693 1434 1822 1461 novos
1854 1424 1894 1460 et

155 1486 446 1525 adsumentum
476 1484 603 1537 panni
632 1484 746 1526 rudis
776 1487 970 1526 adsutum
1001 1501 1083 1526 non
1115 1500 1202 1526 esse
1231 1486 1359 1527 veteri
1392 1486 1650 1536 vestimento,
1681 1488 1751 1527 sed
1772 1501 1892 1527 novo.

86 1558 130 1592 20
156 1549 238 1590 Sed
268 1553 308 1590 et
328 1564 378 1590 ex
401 1551 480 1591 hoc
501 1551 716 1591 ostendere
736 1565 956 1604 possumus
977 1552 1293 1593 consonantiam
1315 1567 1402 1593 esse
1424 1553 1623 1592 virtutum
1645 1551 1686 1591 in
1707 1554 1892 1605 utraque,
1919 1569 1941 1600 (ς

151 1616 195 1656 id
226 1618 288 1656 est
318 1615 502 1669 corporis
533 1619 657 1669 atque
688 1617 860 1666 animae,
891 1618 1132 1668 substantia,
1162 1619 1205 1658 in
1237 1632 1318 1672 qua
1349 1618 1407 1658 ait
1428 1619 1725 1671 scripturarum
1749 1619 1893 1659 doctor

152 1682 358 1722 maximus
390 1681 557 1733 Paulus,
599 1685 713 1723 deum
746 1686 787 1723 in
814 1698 981 1735 corpore,
1023 1687 1124 1723 sieut
1155 1688 1296 1734 voluit,
1330 1687 1636 1736 wmmqnoclqne
1673 1687 1892 1724 membrum

145 1751 341 1799 posuisse.

262 1812 380 1854 XXII
411 1813 556 1865 (XIX).
606 1813 726 1862 Quod
768 1815 803 1855 si
842 1815 885 1855 id
927 1815 1003 1856 tibi
1046 1815 1220 1856 difficile
1257 1816 1421 1856 videtur
1456 1816 1668 1857 intellectu
1711 1830 1785 1856 nec
1821 1818 1890 1855 ad-

85 1889 127 1924 25
154 1879 334 1932 quiescis
365 1879 429 1920 his
469 1879 606 1930 dictis,
649 1879 797 1921 saltem
840 1881 1039 1934 exemplis
1069 1881 1147 1922 tibi
1178 1882 1416 1923 adfirmabo.
1476 1882 1641 1923 lntuere
1682 1882 1889 1923 hominem

152 1945 354 1998 templum
381 1960 468 1987 esse
506 1947 732 1999 quoddam,
775 1947 882 1987 sicut
913 1950 953 1987 et
983 1947 1182 2001 scriptum
1226 1951 1304 1996 est3
1346 1948 1537 2001 spiritum
1573 1951 1711 1989 autem
1749 1948 1820 2002 qui
1850 1948 1892 1987 in

152 2011 243 2064 ipso
275 2015 347 2062 est,
377 2012 486 2052 refer
516 2013 568 2051 ad
599 2011 685 2052 eius
716 2011 892 2053 formam
924 2014 996 2066 qui
1025 2013 1232 2054 inhabitat
1261 2014 1481 2067 templum3
1511 2029 1646 2067 neque
1672 2027 1769 2067 ergo
1792 2017 1892 2055 tem-

153 2076 270 2129 plum
301 2077 486 2118 construi
516 2080 670 2130 potest,
712 2093 793 2119 non
825 2078 968 2132 agnito
998 2079 1113 2132 prius
1144 2079 1379 2121 habitatore
1408 2080 1571 2133 templi,
1613 2095 1747 2133 neque
1776 2080 1892 2120 inha-

154 2141 309 2183 bitator
339 2142 591 2193 conlocatur,
622 2144 657 2184 si
686 2144 889 2197 templum
919 2159 1003 2185 non
1033 2145 1087 2186 sit
1117 2148 1363 2186 extructum.
1415 2146 1519 2188 Cum
1541 2159 1638 2199 ergo
1669 2150 1891 2199 utrumque
1919 2159 1941 2193 2

85 2217 129 2251 30
153 2223 237 2248 una
268 2223 317 2249 ac
345 2209 499 2261 pariter
536 2210 764 2262 dedicetur,
805 2212 1016 2264 quomodo
1052 2211 1094 2251 in
1130 2212 1194 2252 his
1229 2211 1446 2252 inimicum
1487 2211 1645 2265 aliquid
1683 2215 1755 2252 aut
1795 2226 1891 2252 con-

270 2308 316 2342 11
356 2308 487 2342 Matth.
513 2310 543 2352 9,
570 2310 622 2344 113.
663 2309 780 2343 Mark.
806 2310 836 2349 2,
861 2310 915 2344 21.
957 2310 1047 2343 Luk.
1073 2313 1102 2350 5,
1128 2310 1172 2345 36
1202 2330 1245 2334 ——
1277 2310 1327 2346 22
1365 2310 1380 2343 Ι
1406 2311 1489 2345 Kor.
1517 2312 1568 2351 12,
1595 2314 1638 2345 18
1668 2331 1710 2334 —
1742 2311 1792 2346 25
1828 2311 1891 2353 ταί.

153 2363 169 2396 Ι
194 2363 279 2398 Kor.
306 2364 336 2403 3,
363 2364 405 2397 16
429 2364 505 2397 med
529 2365 562 2397 H
587 2365 672 2400 Kor.
697 2365 728 2408 6,
756 2367 796 2400 1ss

273 2441 345 2476 GM

269 2519 289 2553 1
317 2520 371 2553 est
394 2518 439 2552 M
480 2520 485 2562 Ι
529 2521 551 2554 2
590 2521 822 2556 observantia
859 2523 905 2565 et]
946 2522 1199 2556 obseruantiae
1233 2522 1262 2556 C'
1302 2524 1305 2565 Ι
1350 2522 1440 2555 vach
1475 2522 1614 2557 duabus
1640 2527 1680 2563 -Ι-
1706 2526 1827 2558 tamen
1853 2523 1893 2556 Μ

155 2574 158 2618 Ι
201 2574 224 2608 4
251 2574 296 2608 ad
322 2575 444 2619 unum]
472 2575 543 2609 dad
567 2576 693 2610 uinum
717 2577 790 2611 iam
815 2578 858 2611 M
899 2580 902 2621 Ι
947 2579 970 2613 5
996 2590 1106 2612 unum
1132 2577 1177 2610 M
1215 2585 1218 2621 Ι
1262 2577 1420 2612 hominis
1445 2578 1489 2611 Μ
1528 2580 1531 2619 Ι
1577 2591 1619 2612 ao
1644 2579 1767 2613 vinum
1792 2586 1834 2616 <
1853 2579 1897 2612 Μ

155 2629 158 2673 Ι
200 2631 223 2664 6
251 2629 312 2673 qui
331 2658 336 2664 .
357 2658 362 2664 .
384 2631 522 2665 creavit
546 2637 588 2669 <
621 2633 650 2666 C
669 2633 841 2667 vz'ellez'eht
866 2634 935 2668 mit
958 2633 1067 2667 Beelzt
1101 2635 1105 2676 Ι
1143 2634 1236 2667 nach
1263 2634 1400 2668 creavit
1425 2639 1466 2674 -Ι-
1491 2637 1567 2668 tam
1593 2635 1637 2668 Μ
1665 2637 1668 2678 Ι
1706 2637 1722 2670 7
1752 2635 1891 2680 corpori

160 2685 189 2719 O
230 2686 234 2728 Ι
280 2686 303 2721 8
330 2685 452 2730 etiam]
479 2688 515 2720 et
538 2687 583 2720 M
621 2689 626 2731 Ι
669 2699 706 2722 se
730 2696 772 2726 <
798 2689 842 2722 M
881 2691 884 2733 Ι
929 2691 952 2725 9
980 2690 1059 2734 quis
1084 2697 1126 2727 <
1152 2690 1196 2723 M
1234 2691 1238 2732 1
1289 2690 1339 2724 10
1375 2690 1551 2724 uirtutum
1578 2691 1622 2724 ill
1661 2692 1664 2734 Ι
1712 2692 1758 2726 11
1799 2691 1893 2724 nac-la

156 2740 249 2774 sicut
278 2741 374 2775 enim
398 2746 439 2782 -Ι-
466 2742 496 2776 si
520 2743 696 2787 Zaccmni,
729 2745 812 2779 aber
847 2746 1001 2780 (lerselbe
1031 2745 1215 2779 Gebrauelz
1253 2746 1388 2779 kommt
1424 2746 1517 2780 [ezceh
1548 2749 1604 2788 42,
1635 2748 1682 2780 ’33
1710 2759 1781 2788 τον,
1819 2747 1893 2780 mul

155 2796 354 2830 Parallelen
372 2797 458 2831 sind
475 2799 517 2832 in
533 2799 594 2832 cler
609 2799 827 2835 klassisehew
843 2801 1025 2835 Latc'nz'tiit
1048 2813 1096 2835 zu
1112 2802 1234 2845 finden
1257 2804 1260 2845 Ι
1293 2802 1343 2837 14
1358 2801 1522 2836 interibit-
1535 2803 1580 2836 M
1602 2807 1606 2846 Ι
1641 2803 1691 2837 19
1717 2803 1778 2837 sed
1796 2814 1889 2835 novo

156 2858 198 2889 <
228 2851 258 2885 G
297 2853 302 2895 Ι
347 2853 395 2887 21
423 2854 514 2887 nacla
539 2857 593 2889 est
617 2861 658 2895 -Ι-
683 2856 720 2890 in
746 2856 791 2889 M
830 2858 833 2900 Ι
879 2857 961 2901 qua]
989 2869 1059 2901 quo
1085 2858 1129 2891 Μ
1168 2859 1171 2899 Ι
1218 2859 1268 2892 22
1300 2858 1394 2891 nac-h
1421 2859 1548 2903 paulus
1574 2864 1615 2898 -Ι-
1641 2858 1826 2902 apostolus
1851 2857 1896 2890 Μ

157 2907 160 2952 Ι
200 2908 415 2952 membrum]
442 2910 685 2945 membrorum
710 2911 755 2945 M
793 2913 796 2954 Ι
842 2913 892 2947 25
930 2912 1051 2946 saltim
1078 2913 1123 2946 M
1163 2914 1167 2956 Ι
1213 2914 1259 2947 26
1291 2915 1394 2951 et<
1424 2915 1453 2948 0
1494 2916 1497 2955 Ι
1543 2914 1688 2958 spiritus
1719 2913 1748 2947 C
1789 2914 1792 2956 Ι
1838 2913 1885 2947 27

156 2962 249 2997 refer
273 2963 332 3007 ad]
358 2964 467 2998 refert
496 2965 526 2999 C
564 2967 567 3009 Ι
611 2967 702 3001 mecla
727 2979 844 3011 neque
869 2973 910 3007 -Ι-
936 2968 1032 3002 enim
1057 2968 1101 3001 Μ

232 3019 312 3046 Acta
331 3020 489 3049 Archelai.
1592 3028 1611 3058 3
