2164 3406
160 880 203 913 10

164 1533 207 1566 20

165 1859 210 1893 25

169 2191 213 2225 30

224 180 273 218 50
966 165 1209 211 Hegemonius

224 283 392 336 dulgeat
421 296 503 323 non
534 280 661 322 semel
691 282 864 329 tantum,
896 279 966 318 sed
998 280 1038 318 et
1066 291 1142 317 nee
1172 278 1349 318 seeundo
1380 289 1455 316 neo
1477 275 1599 316 tertio
1629 290 1696 316 nee
1716 278 1844 315 solum
1863 289 1944 326 sep-

225 352 303 400 cies,
334 351 399 389 sed
427 350 646 399 septuayies
676 348 833 397 septies;
863 345 974 397 quod
1006 342 1040 383 si
1069 345 1165 394 post
1185 342 1286 382 haec
1306 342 1348 382 in
1370 340 1564 381 iniuriam
1594 340 1865 393 permanserit
1883 340 1945 380 in-

224 416 426 468 rogando,
467 416 567 453 tune
609 413 774 451 demum
814 409 899 462 legi
941 423 1034 449 eum
1076 408 1224 447 debere
1255 408 1527 447 subcumbere
1556 406 1694 459 Moysi
1733 420 1809 446 nee
1838 405 1945 445 ultra

224 480 386 521 veniam
428 477 515 519 dari
558 477 593 518 ei
625 476 696 529 qui
736 475 779 515 in
818 474 977 514 iniuriis
1018 475 1269 526 perseverat,
1300 486 1393 512 oum
1423 472 1502 513 sibi
1532 471 1765 525 septuagies
1795 470 1946 524 septies

224 546 350 586 fuerit
378 544 598 584 indultum.
647 540 745 582 Non
775 540 909 581 solum
931 542 1069 579 autem
1094 538 1203 587 huic,
1236 539 1305 578 sed
1337 538 1459 577 etiam
1481 537 1515 577 si
1536 537 1629 590 quis
1659 536 1747 578 filio
1768 536 1946 577 hominis
1977 544 1992 577 7

225 610 430 651 intulisset
459 608 669 656 iniuriam,
700 606 862 646 veniam
893 603 1015 644 dedit.
1075 602 1119 643 Si
1148 617 1245 644 vero
1282 602 1445 655 spiritui
1475 605 1632 652 saneto,
1664 602 1823 643 duobus
1854 616 1946 642 eum

226 675 409 716 subdidit
437 672 680 722 maledictis,
710 672 753 712 id
784 673 844 711 est
873 669 1012 721 Moysi
1041 668 1146 722 legis
1178 672 1217 709 et
1247 682 1361 717 suae;
1397 668 1535 720 Moysi
1565 668 1731 720 quidem
1760 667 1803 707 in
1833 682 1945 720 prae-

226 741 340 788 senti,
371 754 468 780 suae
498 753 594 778 vero
636 737 679 777 in
707 735 851 776 iudicii
891 738 1088 786 tempore,
1129 734 1187 773 ait
1217 733 1324 773 enim
1365 734 1440 773 ita:
1469 737 1602 785 Neque
1630 736 1675 774 in
1704 737 1773 773 hoe
1799 736 1949 774 saeculo

226 821 345 857 neque
373 809 417 844 ‘in
447 808 580 855 futuro
609 806 822 843 remittetur
851 804 894 842 ai.
941 799 1080 852 Moysi
1111 811 1208 852 ergo
1239 799 1305 839 lex
1336 802 1397 839 est
1422 813 1526 851 quae
1555 799 1599 838 in
1628 798 1834 851 praesenti
1863 812 1949 839 sae-

227 871 319 911 culo
341 869 445 910 nulli
471 869 634 909 veniam
655 867 810 917 tribuit,
841 865 994 907 Christi
1014 879 1110 906 vero
1131 868 1193 906 est
1214 879 1317 918 quae
1337 864 1519 905 vindieat
1538 864 1580 904 in
1601 864 1753 905 futuro.
1788 862 1852 904 Ex
1872 864 1950 904 hoo
1976 868 1998 903 8

226 937 385 977 intuere
407 935 756 987 quemadmodum
779 931 998 973 confirmat
1026 929 1172 983 legem,
1201 946 1285 972 non
1307 930 1441 971 solum
1461 945 1543 970 non
1565 929 1728 971 solvens
1750 943 1849 979 eam,
1880 930 1950 969 sed

227 1001 399 1054 inplens.
430 1000 623 1041 Redimet
645 1011 743 1051 ergo
766 1012 835 1039 eos
856 999 906 1038 ab
930 1011 975 1038 eo
999 998 1109 1050 quod
1130 996 1172 1036 in
1197 996 1403 1049 praesenti
1423 995 1603 1048 positum
1625 998 1712 1036 erat
1729 993 1949 1035 maledieto

227 1067 348 1120 legis,
387 1080 435 1107 ex
479 1080 562 1119 quo
599 1067 845 1105 maledictum
881 1066 973 1115 leyz's
1003 1062 1256 1115 appellatum
1300 1064 1371 1102 est.
1430 1060 1546 1102 Haeo
1576 1060 1686 1102 omni
1716 1059 1838 1100 huius
1869 1074 1952 1100 ser-

228 1132 341 1173 moni
371 1134 433 1172 est
461 1131 578 1171 ratio.
628 1129 710 1171 Cur
742 1132 879 1169 autem
902 1132 1028 1168 virtus
1053 1131 1197 1180 peceati
1227 1130 1324 1167 dicia
1352 1130 1403 1166 sit
1431 1131 1497 1176 leat,
1527 1140 1601 1179 pro
1622 1126 1778 1166 viribus
1799 1124 1950 1167 nostris

228 1198 406 1238 breviter
443 1196 699 1249 exponimus.
757 1194 964 1246 Scriptum
1003 1196 1063 1234 est
1101 1193 1224 1233 enim:
1262 1195 1362 1239 Quia
1392 1195 1496 1232 iusto
1533 1196 1590 1232 Zea)
1618 1207 1700 1232 ozon
1729 1198 1784 1231 est
1809 1193 1951 1242 posita„

229 1266 294 1303 sed
321 1265 488 1302 iniustis
518 1269 550 1301 et
578 1277 659 1301 ozon
689 1263 874 1309 subditis,
915 1263 1040 1310 inpiis
1081 1265 1113 1299 et
1143 1262 1318 1298 scelestis.
1375 1256 1472 1298 Non
1503 1269 1600 1309 ergo
1639 1259 1725 1296 erat
1759 1259 1858 1296 tuno
1886 1255 1952 1296 lex
1977 1264 2000 1297 9

229 1328 389 1368 litterae
431 1327 568 1380 posita
611 1325 944 1379 delinquentibus
986 1327 1081 1364 ante
1111 1324 1300 1376 Moysen,
1341 1324 1450 1362 unde
1493 1325 1532 1362 et
1561 1321 1722 1362 Pharao
1757 1322 1953 1373 ignorans

229 1394 424 1435 virtutem
446 1392 607 1445 peccati
628 1391 894 1444 delinquebat
915 1389 1117 1443 adfligens
1138 1389 1302 1429 iniustis
1333 1387 1526 1429 oneribus
1552 1387 1660 1428 filios
1680 1387 1865 1437 Istrahel,
1896 1387 1954 1426 di-

230 1459 400 1499 vinitate
421 1457 628 1510 neglecta3
659 1471 742 1497 non
763 1457 898 1498 solum
917 1456 1017 1508 ipse,
1049 1457 1119 1495 sed
1142 1457 1182 1495 et
1203 1468 1344 1494 omnes
1366 1454 1437 1506 qui
1458 1467 1551 1493 oum
1574 1467 1620 1493 eo
1643 1455 1767 1492 erant.
1798 1451 1952 1493 Verum

232 1539 281 1564 ne
317 1526 409 1564 utar
444 1523 627 1575 longiori
664 1522 854 1572 circuitu,
891 1520 1055 1562 brevius
1087 1521 1232 1560 dicam.
1289 1518 1421 1559 Erant
1451 1519 1618 1572 quidam
1650 1517 1954 1571 Aegyptiorum
1982 1529 2031 1563 10

231 1589 402 1629 admixti
433 1603 526 1629 oum
557 1587 712 1641 populo
735 1588 881 1640 Moysi,
913 1601 1005 1627 eun]
1037 1588 1087 1627 ab
1110 1600 1156 1626 eo
1178 1587 1392 1638 regeretur
1421 1583 1600 1637 populus
1630 1584 1673 1623 in
1703 1585 1884 1635 desert03
1914 1585 1956 1623 et

232 1669 323 1696 eum
354 1653 520 1706 Moyses
550 1654 710 1707 positus
742 1656 848 1694 esset
877 1652 919 1692 in
940 1654 1080 1692 monte
1109 1665 1183 1704 pro
1207 1665 1253 1691 eo
1275 1653 1321 1691 ut
1341 1650 1546 1702 acciperet
1574 1649 1720 1702 legem⁷
1749 1648 1953 1701 inpatiens

230 1720 420 1773 populus,
450 1734 532 1760 non
555 1719 626 1760 ille
649 1719 720 1772 qui
741 1734 834 1759 vere
857 1720 943 1758 erat
962 1717 1207 1766 Istrahelita‚
1233 1718 1304 1757 sed
1326 1715 1397 1769 qui
1420 1730 1468 1755 ex
1490 1714 1709 1767 Aegyptiis
1729 1713 1865 1754 fuerat
1886 1715 1953 1753 ad-

232 1786 400 1835 mixtus,
437 1785 613 1825 vitulum
645 1785 723 1825 sibi
753 1783 969 1826 constituit
999 1785 1121 1822 deum
1151 1783 1377 1823 seeundum
1413 1780 1635 1833 pristinum
1664 1793 1837 1829 morem,
1874 1792 1955 1832 quo

233 1851 414 1892 coluerat
444 1850 676 1901 simulacra,
717 1850 759 1890 in
790 1864 871 1903 quo
913 1863 989 1889 neo
1030 1847 1231 1889 scelerum
1260 1861 1414 1899 poenas
1445 1844 1667 1898 aliquando
1698 1845 1955 1896 rependeret,

234 1919 274 1957 et
302 1917 395 1957 ideo
425 1916 621 1956 virtutem
662 1915 820 1968 peceati
862 1914 927 1955 sui
966 1913 1126 1966 penitus
1169 1911 1433 1965 ignorabant3
1477 1925 1581 1963 quae
1617 1923 1709 1949 cum
1745 1922 1955 1962 regressus
1983 1915 2028 1949 11

234 1982 470 2035 agnovisset
499 1981 678 2033 Moyses,
708 1979 917 2033 praecepit
944 1994 1012 2019 eos
1044 1978 1182 2031 gladio
1204 1976 1412 2027 trucidari,
1444 1991 1491 2016 ex
1514 1990 1595 2029 quo
1616 1975 1780 2015 initium
1801 1975 1954 2014 factum

234 2050 294 2088 est
324 2047 475 2088 sentire
509 2061 578 2087 eos
610 2046 801 2086 virtutem
842 2044 1002 2098 peceati
1030 2059 1104 2097 per
1144 2043 1279 2097 legem
1309 2042 1448 2094 Moysi
1495 2044 1534 2082 et
1573 2043 1790 2094 propterea
1829 2044 1957 2080 virtus

226 2116 371 2164 peceati
400 2111 598 2164 appelata
627 2115 688 2152 est
716 2111 792 2152 lex.

343 2176 519 2218 XXXVI
556 2176 736 2227 XXXII).
806 2177 869 2218 De
913 2191 960 2217 eo
1003 2189 1100 2216 vero
1144 2176 1252 2228 quod
1296 2173 1339 2214 in
1380 2172 1594 2225 euangelio
1637 2171 1836 2223 seriptum
1885 2172 1956 2219 est,

233 2259 300 2283 vos
322 2247 372 2283 ide
396 2250 508 2295 patre
538 2246 686 2283 diabolo
716 2246 808 2283 estis
838 2245 877 2282 et
906 2241 1077 2294 reliqua,
1112 2239 1293 2281 breviter
1323 2238 1496 2279 dicimus
1538 2236 1635 2290 quia
1674 2239 1735 2277 est
1766 2235 1954 2276 diabolus

236 2308 453 2361 inoperans
482 2308 525 2348 in
557 2308 688 2359 nobis⁷
732 2308 803 2361 qui
832 2307 895 2348 sui
937 2306 1096 2347 arbitrii
1140 2306 1344 2358 potestate
1384 2303 1487 2344 tales
1528 2317 1615 2343 esse
1644 2301 1784 2342 voluit.
1842 2300 1955 2342 Deus
1984 2307 2005 2340 2

348 2438 369 2472 8
393 2438 522 2471 Matth.
550 2438 603 2479 12,
630 2439 671 2471 32
696 2458 737 2461 -
766 2438 813 2472 12
838 2438 905 2479 vat.
933 2437 1011 2471 Gai.
1038 2438 1069 2477 3,
1095 2437 1135 2470 13
1162 2456 1203 2459 —
1233 2434 1282 2470 14
1307 2434 1323 2467 1
1348 2434 1430 2468 Kor.
1457 2434 1508 2473 lc'),
1535 2434 1577 2467 56
1602 2450 1644 2455 -
1671 2431 1720 2467 15
1746 2431 1761 2463 1
1786 2430 1874 2465 Tim.
1891 2433 1920 2473 1,
1939 2432 1958 2465 9

238 2513 279 2516 —
305 2493 353 2528 31
382 2493 461 2527 Joh.
486 2494 516 2535 3,
542 2495 585 2527 44
610 2513 653 2517 —
680 2493 811 2536 3⁸2s51‚
839 2494 857 2528 1
884 2493 948 2536 syl.
975 2492 1061 2526 Gen.
1089 2494 1118 2533 1,
1145 2491 1184 2525 31

355 2602 423 2637 ΟΜ

351 2702 374 2736 2
400 2702 436 2735 in
461 2708 502 2739 <
533 2702 563 2735 G
601 2702 605 2744 Ι
650 2702 673 2736 3
698 2701 788 2735 mosi
818 2701 847 2735 O
886 2701 890 2743 Ι
936 2701 953 2735 7
983 2711 1108 2734 mosen
1138 2699 1167 2733 G
1205 2700 1210 2741 Ι
1255 2696 1510 2740 mossiquidein
1540 2695 1569 2729 O
1596 2696 1600 2738 Ι
1644 2696 1667 2729 9
1694 2693 1785 2728 mosi
1815 2693 1844 2728 Ο
1872 2695 1875 2736 Ι
1913 2693 1962 2728 13

240 2757 356 2791 omnis
380 2757 423 2790 M
462 2757 467 2799 Ι
510 2757 682 2791 sermonis
718 2756 823 2790 huius
847 2756 889 2790 M
929 2759 934 2797 Ι
980 2756 1028 2790 16
1066 2754 1237 2798 scelestis]
1282 2752 1463 2787 sceleratis
1489 2751 1532 2785 M
1571 2751 1574 2793 Ι
1621 2750 1668 2784 l?
1718 2750 1765 2792 et]
1804 2750 1858 2784 est
1893 2748 1922 2783 O
1956 2749 1962 2792 Ι

240 2812 340 2846 farao
370 2812 400 2846 C
438 2814 442 2855 Ι
487 2813 537 2847 20
561 2823 607 2846 ne
631 2812 722 2855 ufar]
750 2813 833 2845 neu]
858 2813 914 2845 tar
944 2811 974 2845 Ο
1011 2813 1016 2852 Ι
1058 2810 1223 2854 longiore
1253 2809 1282 2843 G
1320 2810 1324 2853 Ι
1375 2808 1422 2842 21
1450 2806 1561 2841 mosei
1592 2806 1621 2840 C
1660 2806 1663 2848 Ι
1711 2805 1760 2840 23
1784 2804 1876 2838 nach
1901 2803 1963 2838 sed

242 2873 283 2908 -Ι-
307 2867 370 2902 ille
396 2868 437 2901 M
477 2869 480 2910 Ι
525 2868 688 2911 aegyptis
719 2868 748 2901 O
786 2869 790 2910 Ι
835 2867 884 2901 25
911 2866 1084 2909 coluerat]
1110 2865 1123 2899 l
1153 2876 1185 2900 α.
1209 2865 1296 2898 Ras.
1321 2875 1361 2896 ze.
1386 2875 1412 2898 e.
1437 2862 1507 2896 seli.
1540 2861 1569 2895 G
1596 2862 1600 2904 Ι
1645 2861 1691 2895 27
1722 2860 1864 2905 gladius
1894 2859 1924 2893 O
1957 2858 1963 2901 Ι

243 2924 293 2958 28
318 2923 431 2958 mosei
460 2923 490 2956 C
528 2924 532 2966 Ι
577 2923 627 2957 32
654 2934 804 2966 operans
829 2922 872 2956 M
