<?xml version="1.0" encoding="UTF-8"?>
<!DOCTYPE html PUBLIC "-//W3C//DTD XHTML 1.0 Transitional//EN"
    "http://www.w3.org/TR/xhtml1/DTD/xhtml1-transitional.dtd">
<html xmlns="http://www.w3.org/1999/xhtml" xml:lang="en" lang="en">
 <head>
  <title>
</title>
<meta http-equiv="Content-Type" content="text/html;charset=utf-8" />
  <meta name='ocr-system' content='tesseract 3.04.00' />
  <meta name='ocr-capabilities' content='ocr_page ocr_carea ocr_par ocr_line ocrx_word'/>
</head>
<body>
  <div class='ocr_page' id='page_1' title='image "actaarchelaihrsg00hegeuoft_0026.png"; bbox 0 0 2164 3406; ppageno 0'>
   <div class='ocr_carea' id='block_1_1' title="bbox 177 1149 198 1182">
    <p class='ocr_par' dir='ltr' id='par_1_1' title="bbox 177 1149 198 1182">
     <span class='ocr_line' id='line_1_1' title="bbox 177 1149 198 1182; baseline 0 0"><span class='ocrx_word' id='word_1_1' title='bbox 177 1149 198 1182; x_wconf 82' lang='lat'>5</span> 
     </span>
    </p>
   </div>
   <div class='ocr_carea' id='block_1_2' title="bbox 217 177 1375 224">
    <p class='ocr_par' dir='ltr' id='par_1_2' title="bbox 217 177 1375 224">
     <span class='ocr_line' id='line_1_2' title="bbox 217 177 1375 224; baseline -0.004 -8"><span class='ocrx_word' id='word_1_2' title='bbox 217 183 316 217; x_wconf 84' lang='lat' dir='ltr'>XXII</span> <span class='ocrx_word' id='word_1_3' title='bbox 799 179 1053 224; x_wconf 78' lang='lat' dir='ltr'><em>HegemoniUS‚</em></span> <span class='ocrx_word' id='word_1_4' title='bbox 1078 179 1172 213; x_wconf 67' lang='lat' dir='ltr'><em>Anba</em></span> <span class='ocrx_word' id='word_1_5' title='bbox 1195 177 1375 212; x_wconf 79' lang='lat' dir='ltr'><strong>Archelai.</strong></span> 
     </span>
    </p>
   </div>
   <div class='ocr_carea' id='block_1_3' title="bbox 221 281 1961 1462">
    <p class='ocr_par' dir='ltr' id='par_1_3' title="bbox 221 281 1960 872">
     <span class='ocr_line' id='line_1_3' title="bbox 331 281 1958 342; baseline -0.002 -8"><span class='ocrx_word' id='word_1_6' title='bbox 331 293 409 334; x_wconf 81' lang='lat' dir='ltr'><em>Die</em></span> <span class='ocrx_word' id='word_1_7' title='bbox 454 292 697 333; x_wconf 63' lang='lat' dir='ltr'><em>Gesohiehhe</em></span> <span class='ocrx_word' id='word_1_8' title='bbox 747 294 816 332; x_wconf 83' lang='lat' dir='ltr'><em>des</em></span> <span class='ocrx_word' id='word_1_9' title='bbox 856 292 1001 332; x_wconf 80' lang='lat' dir='ltr'><em>Manes</em></span> <span class='ocrx_word' id='word_1_10' title='bbox 1051 281 1191 331; x_wconf 72' lang='lat' dir='ltr'><em>wurde</em></span> <span class='ocrx_word' id='word_1_11' title='bbox 1238 292 1374 330; x_wconf 69' lang='lat' dir='ltr'><em>zuerst</em></span> <span class='ocrx_word' id='word_1_12' title='bbox 1422 288 1680 342; x_wconf 74' lang='lat' dir='ltr'><em>abgedruckt</em></span> <span class='ocrx_word' id='word_1_13' title='bbox 1726 290 1791 331; x_wconf 81' lang='lat' dir='ltr'><em>bei</em></span> <span class='ocrx_word' id='word_1_14' title='bbox 1836 289 1958 341; x_wconf 83' lang='lat' dir='ltr'>Pfaff,</span> 
     </span>
     <span class='ocr_line' id='line_1_4' title="bbox 226 354 1956 411; baseline -0.002 -11"><span class='ocrx_word' id='word_1_15' title='bbox 226 359 265 400; x_wconf 83' lang='lat' dir='ltr'><em>S.</em></span> <span class='ocrx_word' id='word_1_16' title='bbox 298 356 512 402; x_wconf 82' lang='lat'>182—184</span> <span class='ocrx_word' id='word_1_17' title='bbox 554 358 689 399; x_wconf 82' lang='lat' dir='ltr'><em>seiner</em></span> <span class='ocrx_word' id='word_1_18' title='bbox 724 358 922 411; x_wconf 80' lang='lat' dir='ltr'><em>Ausgabe</em></span> <span class='ocrx_word' id='word_1_19' title='bbox 961 357 1032 397; x_wconf 85' lang='lat' dir='ltr'><em>der</em></span> <span class='ocrx_word' id='word_1_20' title='bbox 1067 356 1262 409; x_wconf 77' lang='lat' dir='ltr'><em>Epitome</em></span> <span class='ocrx_word' id='word_1_21' title='bbox 1304 357 1374 396; x_wconf 85' lang='lat' dir='ltr'><em>des</em></span> <span class='ocrx_word' id='word_1_22' title='bbox 1410 354 1587 396; x_wconf 71' lang='lat' dir='ltr'><em>Lachanz</em></span> <span class='ocrx_word' id='word_1_23' title='bbox 1630 355 1777 408; x_wconf 81' lang='lat' dir='ltr'><em>(Paris,</em></span> <span class='ocrx_word' id='word_1_24' title='bbox 1819 357 1956 408; x_wconf 84' lang='lat'>1712);</span> 
     </span>
     <span class='ocr_line' id='line_1_5' title="bbox 224 420 1955 478; baseline -0.001 -12"><span class='ocrx_word' id='word_1_25' title='bbox 224 428 360 478; x_wconf 62' lang='lat' dir='ltr'><em>spfflser</em></span> <span class='ocrx_word' id='word_1_26' title='bbox 373 424 438 465; x_wconf 84' lang='lat' dir='ltr'><em>bei</em></span> <span class='ocrx_word' id='word_1_27' title='bbox 452 424 676 474; x_wconf 77' lang='lat' dir='ltr'><em>Fabricius,</em></span> <span class='ocrx_word' id='word_1_28' title='bbox 699 423 737 465; x_wconf 84' lang='lat' dir='ltr'><em>S.</em></span> <span class='ocrx_word' id='word_1_29' title='bbox 755 426 830 465; x_wconf 84' lang='lat'><em>196</em></span> <span class='ocrx_word' id='word_1_30' title='bbox 845 423 977 463; x_wconf 84' lang='lat' dir='ltr'><em>seiner</em></span> <span class='ocrx_word' id='word_1_31' title='bbox 990 422 1187 475; x_wconf 81' lang='lat' dir='ltr'><em>Ausgabe</em></span> <span class='ocrx_word' id='word_1_32' title='bbox 1201 423 1271 461; x_wconf 83' lang='lat' dir='ltr'><em>des</em></span> <span class='ocrx_word' id='word_1_33' title='bbox 1284 420 1541 474; x_wconf 75' lang='lat' dir='ltr'>Hippolytus</span> <span class='ocrx_word' id='word_1_34' title='bbox 1557 420 1804 476; x_wconf 83' lang='lat' dir='ltr'><em>(Hamburg,</em></span> <span class='ocrx_word' id='word_1_35' title='bbox 1824 423 1955 473; x_wconf 81' lang='lat'>1718),</span> 
     </span>
     <span class='ocr_line' id='line_1_6' title="bbox 228 487 1955 542; baseline -0.001 -11"><span class='ocrx_word' id='word_1_36' title='bbox 228 494 372 532; x_wconf 62' lang='lat' dir='ltr'><em>dassen</em></span> <span class='ocrx_word' id='word_1_37' title='bbox 392 489 497 530; x_wconf 70' lang='lat' dir='ltr'><em>Text</em></span> <span class='ocrx_word' id='word_1_38' title='bbox 518 488 772 539; x_wconf 82' lang='lat' dir='ltr'>Gallandius‚</span> <span class='ocrx_word' id='word_1_39' title='bbox 803 488 944 542; x_wconf 81' lang='lat' dir='ltr'><em>Migne</em></span> <span class='ocrx_word' id='word_1_40' title='bbox 965 489 1051 528; x_wconf 85' lang='lat' dir='ltr'><em>und</em></span> <span class='ocrx_word' id='word_1_41' title='bbox 1071 487 1213 528; x_wconf 75' lang='lat' dir='ltr'><em>Rou&#39;ch</em></span> <span class='ocrx_word' id='word_1_42' title='bbox 1242 488 1285 528; x_wconf 89' lang='lat' dir='ltr'><em>in</em></span> <span class='ocrx_word' id='word_1_43' title='bbox 1315 487 1403 528; x_wconf 83' lang='lat' dir='ltr'><strong>ihre</strong></span> <span class='ocrx_word' id='word_1_44' title='bbox 1424 487 1653 540; x_wconf 81' lang='lat' dir='ltr'><em>Ausgaben</em></span> <span class='ocrx_word' id='word_1_45' title='bbox 1683 488 1955 540; x_wconf 82' lang='lat' dir='ltr'><em>aufnahmen3</em></span> 
     </span>
     <span class='ocr_line' id='line_1_7' title="bbox 221 552 1957 604; baseline -0.002 -6"><span class='ocrx_word' id='word_1_46' title='bbox 221 555 351 598; x_wconf 77' lang='lat' dir='ltr'><em>Fleok</em></span> <span class='ocrx_word' id='word_1_47' title='bbox 392 555 719 597; x_wconf 67' lang='lat' dir='ltr'><em>veroffentlichbe</em></span> <span class='ocrx_word' id='word_1_48' title='bbox 762 556 833 594; x_wconf 80' lang='lat' dir='ltr'><em>das</em></span> <span class='ocrx_word' id='word_1_49' title='bbox 876 553 1020 604; x_wconf 57' lang='lat' dir='ltr'><em>smack,</em></span> <span class='ocrx_word' id='word_1_50' title='bbox 1070 554 1177 593; x_wconf 80' lang='lat' dir='ltr'><em>ohne</em></span> <span class='ocrx_word' id='word_1_51' title='bbox 1217 567 1299 594; x_wconf 85' lang='lat' dir='ltr'><em>von</em></span> <span class='ocrx_word' id='word_1_52' title='bbox 1338 554 1418 593; x_wconf 80' lang='lat' dir='ltr'><em>den</em></span> <span class='ocrx_word' id='word_1_53' title='bbox 1458 552 1659 593; x_wconf 67' lang='lat' dir='ltr'><em>Arbeiben</em></span> <span class='ocrx_word' id='word_1_54' title='bbox 1700 552 1831 594; x_wconf 78' lang='lat' dir='ltr'><em>Pfaffs</em></span> <span class='ocrx_word' id='word_1_55' title='bbox 1871 556 1957 594; x_wconf 87' lang='lat' dir='ltr'><em>und</em></span> 
     </span>
     <span class='ocr_line' id='line_1_8' title="bbox 224 617 1956 670; baseline -0.001 -8"><span class='ocrx_word' id='word_1_56' title='bbox 224 621 447 664; x_wconf 55' lang='lat' dir='ltr'><em>Fabricius?</em></span> <span class='ocrx_word' id='word_1_57' title='bbox 490 621 693 661; x_wconf 67' lang='lat' dir='ltr'><em>Kenntnis</em></span> <span class='ocrx_word' id='word_1_58' title='bbox 742 635 792 660; x_wconf 86' lang='lat' dir='ltr'><em>zu</em></span> <span class='ocrx_word' id='word_1_59' title='bbox 832 621 967 660; x_wconf 84' lang='lat' dir='ltr'><em>haben</em></span> <span class='ocrx_word' id='word_1_60' title='bbox 1014 618 1447 670; x_wconf 76' lang='lat' dir='ltr'><em>(Wissensehaftliohe</em></span> <span class='ocrx_word' id='word_1_61' title='bbox 1483 617 1615 669; x_wconf 73' lang='lat' dir='ltr'><em>Reise,</em></span> <span class='ocrx_word' id='word_1_62' title='bbox 1645 617 1694 669; x_wconf 84' lang='lat' dir='ltr'><em>II,</em></span> <span class='ocrx_word' id='word_1_63' title='bbox 1722 622 1757 667; x_wconf 86' lang='lat'><em>3,</em></span> <span class='ocrx_word' id='word_1_64' title='bbox 1797 619 1833 660; x_wconf 83' lang='lat' dir='ltr'><em>S.</em></span> <span class='ocrx_word' id='word_1_65' title='bbox 1864 623 1956 670; x_wconf 86' lang='grc'>202,</span> 
     </span>
     <span class='ocr_line' id='line_1_9' title="bbox 221 683 1956 740; baseline -0.001 -12"><span class='ocrx_word' id='word_1_66' title='bbox 221 688 298 728; x_wconf 72' lang='lat' dir='ltr'><em>mit</em></span> <span class='ocrx_word' id='word_1_67' title='bbox 326 687 588 740; x_wconf 82' lang='lat' dir='ltr'>Abbildung,</span> <span class='ocrx_word' id='word_1_68' title='bbox 619 685 706 727; x_wconf 79' lang='lat' dir='ltr'><strong>Taf.</strong></span> <span class='ocrx_word' id='word_1_69' title='bbox 736 689 770 735; x_wconf 89' lang='grc'><em>2,</em></span> <span class='ocrx_word' id='word_1_70' title='bbox 808 685 991 738; x_wconf 82' lang='lat' dir='ltr'>Leipzig,</span> <span class='ocrx_word' id='word_1_71' title='bbox 1021 685 1158 736; x_wconf 82' lang='lat'>1837);</span> <span class='ocrx_word' id='word_1_72' title='bbox 1209 683 1359 724; x_wconf 70' lang='lat' dir='ltr'><em>zuletzt</em></span> <span class='ocrx_word' id='word_1_73' title='bbox 1393 684 1638 737; x_wconf 64' lang='lat' dir='ltr'><em>publiziersse</em></span> <span class='ocrx_word' id='word_1_74' title='bbox 1686 685 1744 725; x_wconf 79' lang='lat' dir='ltr'><em>sie</em></span> <span class='ocrx_word' id='word_1_75' title='bbox 1786 685 1956 726; x_wconf 79' lang='lat' dir='ltr'><em>Reiffer-</em></span> 
     </span>
     <span class='ocr_line' id='line_1_10' title="bbox 222 748 1955 804; baseline -0.002 -10"><span class='ocrx_word' id='word_1_76' title='bbox 222 754 361 794; x_wconf 76' lang='lat' dir='ltr'><em>scheid</em></span> <span class='ocrx_word' id='word_1_77' title='bbox 377 752 519 804; x_wconf 78' lang='lat' dir='ltr'>a.a.O.‚</span> <span class='ocrx_word' id='word_1_78' title='bbox 540 751 809 804; x_wconf 61' lang='lat' dir='ltr'><em>unabhiingig</em></span> <span class='ocrx_word' id='word_1_79' title='bbox 822 766 903 793; x_wconf 87' lang='lat' dir='ltr'><em>von</em></span> <span class='ocrx_word' id='word_1_80' title='bbox 924 751 1064 791; x_wconf 81' lang='lat' dir='ltr'><em>seinen</em></span> <span class='ocrx_word' id='word_1_81' title='bbox 1078 749 1364 803; x_wconf 57' lang='lat' dir='ltr'><em>Vorgiingern.</em></span> <span class='ocrx_word' id='word_1_82' title='bbox 1394 748 1466 790; x_wconf 78' lang='lat' dir='ltr'><em>Ich</em></span> <span class='ocrx_word' id='word_1_83' title='bbox 1486 749 1593 790; x_wconf 77' lang='lat' dir='ltr'><em>lasse</em></span> <span class='ocrx_word' id='word_1_84' title='bbox 1615 751 1688 790; x_wconf 82' lang='lat' dir='ltr'><em>das</em></span> <span class='ocrx_word' id='word_1_85' title='bbox 1703 749 1830 791; x_wconf 74' lang='lat' dir='ltr'><em>Stiiok</em></span> <span class='ocrx_word' id='word_1_86' title='bbox 1851 752 1955 791; x_wconf 76' lang='lat' dir='ltr'>nach</span> 
     </span>
     <span class='ocr_line' id='line_1_11' title="bbox 224 814 1960 872; baseline -0.001 -14"><span class='ocrx_word' id='word_1_87' title='bbox 224 818 572 872; x_wconf 74' lang='lat' dir='ltr'><em>photographien,</em></span> <span class='ocrx_word' id='word_1_88' title='bbox 604 818 668 858; x_wconf 79' lang='lat' dir='ltr'><em>die</em></span> <span class='ocrx_word' id='word_1_89' title='bbox 695 818 761 858; x_wconf 74' lang='lat' dir='ltr'><em>ioh</em></span> <span class='ocrx_word' id='word_1_90' title='bbox 783 817 1004 858; x_wconf 82' lang='lat' dir='ltr'>Professor</span> <span class='ocrx_word' id='word_1_91' title='bbox 1023 815 1187 857; x_wconf 81' lang='lat' dir='ltr'><em>Traube</em></span> <span class='ocrx_word' id='word_1_92' title='bbox 1207 815 1427 867; x_wconf 80' lang='lat' dir='ltr'><em>verdanke‚</em></span> <span class='ocrx_word' id='word_1_93' title='bbox 1456 815 1565 856; x_wconf 81' lang='lat' dir='ltr'><em>noch</em></span> <span class='ocrx_word' id='word_1_94' title='bbox 1594 815 1751 855; x_wconf 68' lang='lat' dir='ltr'><em>einmal‘</em></span> <span class='ocrx_word' id='word_1_95' title='bbox 1767 814 1960 857; x_wconf 81' lang='lat' dir='ltr'><em>druoken.</em></span> 
     </span>
    </p>

    <p class='ocr_par' dir='ltr' id='par_1_4' title="bbox 222 883 1961 1462">
     <span class='ocr_line' id='line_1_12' title="bbox 334 883 1959 935; baseline -0.002 -10"><span class='ocrx_word' id='word_1_96' title='bbox 334 887 536 926; x_wconf 84' lang='lat' dir='ltr'><em>Scitianus</em></span> <span class='ocrx_word' id='word_1_97' title='bbox 556 887 719 935; x_wconf 78' lang='lat' dir='ltr'><em>quidam</em></span> <span class='ocrx_word' id='word_1_98' title='bbox 748 886 829 934; x_wconf 87' lang='lat' dir='ltr'><em>fuit</em></span> <span class='ocrx_word' id='word_1_99' title='bbox 854 899 899 923; x_wconf 75' lang='lat' dir='ltr'><em>eoe</em></span> <span class='ocrx_word' id='word_1_100' title='bbox 916 897 1050 934; x_wconf 67' lang='lat' dir='ltr'><em>qenere</em></span> <span class='ocrx_word' id='word_1_101' title='bbox 1080 896 1377 922; x_wconf 84' lang='lat' dir='ltr'><em>sarracenorum</em></span> <span class='ocrx_word' id='word_1_102' title='bbox 1399 897 1423 921; x_wconf 91' lang='lat' dir='ltr'><em>a</em></span> <span class='ocrx_word' id='word_1_103' title='bbox 1443 896 1518 933; x_wconf 80' lang='lat' dir='ltr'><em>quo</em></span> <span class='ocrx_word' id='word_1_104' title='bbox 1545 883 1550 931; x_wconf 92' lang='grc' dir='ltr'>Ι</span> <span class='ocrx_word' id='word_1_105' title='bbox 1576 884 1718 921; x_wconf 75' lang='lat' dir='ltr'><em>heresis</em></span> <span class='ocrx_word' id='word_1_106' title='bbox 1738 885 1959 922; x_wconf 75' lang='lat' dir='ltr'><em>manicheo-</em></span> 
     </span>
     <span class='ocr_line' id='line_1_13' title="bbox 226 949 1960 1001; baseline -0.002 -11"><span class='ocrx_word' id='word_1_107' title='bbox 226 966 314 990; x_wconf 85' lang='lat' dir='ltr'><em>rum</em></span> <span class='ocrx_word' id='word_1_108' title='bbox 338 957 421 990; x_wconf 83' lang='lat' dir='ltr'><em>orta</em></span> <span class='ocrx_word' id='word_1_109' title='bbox 450 957 505 990; x_wconf 91' lang='lat' dir='ltr'><em>est</em></span> <span class='ocrx_word' id='word_1_110' title='bbox 532 953 602 1001; x_wconf 79' lang='lat' dir='ltr'><em>qui</em></span> <span class='ocrx_word' id='word_1_111' title='bbox 620 953 815 990; x_wconf 78' lang='lat' dir='ltr'><em>aduersus</em></span> <span class='ocrx_word' id='word_1_112' title='bbox 843 964 979 989; x_wconf 78' lang='lat' dir='ltr'><em>ueram</em></span> <span class='ocrx_word' id='word_1_113' title='bbox 1008 954 1184 999; x_wconf 80' lang='lat' dir='ltr'><em>rectamq.</em></span> <span class='ocrx_word' id='word_1_114' title='bbox 1214 950 1331 999; x_wconf 68' lang='lat' dir='ltr'><em>fidem</em></span> <span class='ocrx_word' id='word_1_115' title='bbox 1357 949 1362 997; x_wconf 96' lang='grc' dir='ltr'>Ι</span> <span class='ocrx_word' id='word_1_116' title='bbox 1389 954 1569 999; x_wconf 79' lang='lat' dir='ltr'><em>quattuor</em></span> <span class='ocrx_word' id='word_1_117' title='bbox 1597 950 1714 987; x_wconf 84' lang='lat' dir='ltr'><em>libros</em></span> <span class='ocrx_word' id='word_1_118' title='bbox 1733 950 1960 988; x_wconf 66' lang='lat' dir='ltr'><em>conscribsit</em></span> 
     </span>
     <span class='ocr_line' id='line_1_14' title="bbox 226 1006 1959 1068; baseline -0.002 -12"><span class='ocrx_word' id='word_1_119' title='bbox 226 1031 395 1068; x_wconf 79' lang='lat' dir='ltr'><em>quorum</em></span> <span class='ocrx_word' id='word_1_120' title='bbox 423 1031 551 1056; x_wconf 86' lang='lat' dir='ltr'><em>unum</em></span> <span class='ocrx_word' id='word_1_121' title='bbox 586 1019 747 1055; x_wconf 85' lang='lat' dir='ltr'><em>uocauit</em></span> <span class='ocrx_word' id='word_1_122' title='bbox 775 1017 1006 1066; x_wconf 72' lang='lat' dir='ltr'><strong><em>mysterium</em></strong></span> <span class='ocrx_word' id='word_1_123' title='bbox 1031 1013 1036 1065; x_wconf 96' lang='grc' dir='ltr'>Ι</span> <span class='ocrx_word' id='word_1_124' title='bbox 1063 1016 1281 1054; x_wconf 87' lang='lat' dir='ltr'><em>secundum</em></span> <span class='ocrx_word' id='word_1_125' title='bbox 1309 1016 1570 1064; x_wconf 78' lang='lat' dir='ltr'><em>capitulorum</em></span> <span class='ocrx_word' id='word_1_126' title='bbox 1608 1015 1762 1053; x_wconf 84' lang='lat' dir='ltr'><em>tertium</em></span> <span class='ocrx_word' id='word_1_127' title='bbox 1794 1006 1959 1064; x_wconf 63' lang='lat' dir='ltr'><em>euangje-</em></span> 
     </span>
     <span class='ocr_line' id='line_1_15' title="bbox 223 1081 1960 1133; baseline -0.002 -11"><span class='ocrx_word' id='word_1_128' title='bbox 223 1085 322 1122; x_wconf 84' lang='lat' dir='ltr'><em>lium</em></span> <span class='ocrx_word' id='word_1_129' title='bbox 362 1088 547 1133; x_wconf 78' lang='lat' dir='ltr'><em>quartum</em></span> <span class='ocrx_word' id='word_1_130' title='bbox 587 1097 679 1121; x_wconf 91' lang='lat' dir='ltr'><em>uero</em></span> <span class='ocrx_word' id='word_1_131' title='bbox 705 1081 710 1133; x_wconf 97' lang='grc' dir='ltr'>Ι</span> <span class='ocrx_word' id='word_1_132' title='bbox 738 1084 881 1121; x_wconf 82' lang='lat' dir='ltr'><em>librum</em></span> <span class='ocrx_word' id='word_1_133' title='bbox 913 1084 1171 1121; x_wconf 80' lang='lat' dir='ltr'><em>thensaurum</em></span> <span class='ocrx_word' id='word_1_134' title='bbox 1206 1081 1427 1131; x_wconf 76' lang='lat' dir='ltr'><em>appellauit.</em></span> <span class='ocrx_word' id='word_1_135' title='bbox 1474 1086 1510 1119; x_wconf 82' lang='lat' dir='ltr'><em>et</em></span> <span class='ocrx_word' id='word_1_136' title='bbox 1547 1081 1683 1119; x_wconf 76' lang='lat' dir='ltr'><em>habuit</em></span> <span class='ocrx_word' id='word_1_137' title='bbox 1721 1081 1960 1130; x_wconf 77' lang='lat' dir='ltr'><em>discipulum</em></span> 
     </span>
     <span class='ocr_line' id='line_1_16' title="bbox 222 1143 1960 1198; baseline -0.002 -11"><span class='ocrx_word' id='word_1_138' title='bbox 222 1150 381 1188; x_wconf 82' lang='lat' dir='ltr'><em>nomine</em></span> <span class='ocrx_word' id='word_1_139' title='bbox 406 1147 410 1198; x_wconf 98' lang='grc' dir='ltr'>Ι</span> <span class='ocrx_word' id='word_1_140' title='bbox 437 1150 646 1187; x_wconf 69' lang='lat' dir='ltr'><em>terebintus</em></span> <span class='ocrx_word' id='word_1_141' title='bbox 667 1150 745 1198; x_wconf 76' lang='lat' dir='ltr'><em>vqui</em></span> <span class='ocrx_word' id='word_1_142' title='bbox 772 1149 984 1198; x_wconf 81' lang='lat' dir='ltr'><em>discipulus</em></span> <span class='ocrx_word' id='word_1_143' title='bbox 1012 1152 1166 1185; x_wconf 87' lang='lat' dir='ltr'><em>mortuo</em></span> <span class='ocrx_word' id='word_1_144' title='bbox 1195 1148 1361 1185; x_wconf 81' lang='lat' dir='ltr'><em>scitiano</em></span> <span class='ocrx_word' id='word_1_145' title='bbox 1390 1160 1552 1185; x_wconf 87' lang='lat' dir='ltr'><em>sumens</em></span> <span class='ocrx_word' id='word_1_146' title='bbox 1578 1143 1836 1197; x_wconf 75' lang='lat' dir='ltr'><em>memoraltos</em></span> <span class='ocrx_word' id='word_1_147' title='bbox 1864 1159 1960 1196; x_wconf 82' lang='lat' dir='ltr'><em>qua-</em></span> 
     </span>
     <span class='ocr_line' id='line_1_17' title="bbox 225 1212 1961 1264; baseline -0.002 -11"><span class='ocrx_word' id='word_1_148' title='bbox 225 1221 312 1253; x_wconf 77' lang='lat' dir='ltr'><em>tuor</em></span> <span class='ocrx_word' id='word_1_149' title='bbox 341 1216 457 1253; x_wconf 84' lang='lat' dir='ltr'><em>libros</em></span> <span class='ocrx_word' id='word_1_150' title='bbox 485 1228 552 1252; x_wconf 83' lang='lat' dir='ltr'><em>nec</em></span> <span class='ocrx_word' id='word_1_151' title='bbox 580 1227 663 1253; x_wconf 84' lang='lat' dir='ltr'><em>non</em></span> <span class='ocrx_word' id='word_1_152' title='bbox 692 1219 727 1253; x_wconf 85' lang='lat' dir='ltr'><em>et</em></span> <span class='ocrx_word' id='word_1_153' title='bbox 736 1215 948 1264; x_wconf 79' lang='lat' dir='ltr'><em>pecuniam</em></span> <span class='ocrx_word' id='word_1_154' title='bbox 976 1226 1059 1251; x_wconf 85' lang='lat' dir='ltr'><em>non</em></span> <span class='ocrx_word' id='word_1_155' title='bbox 1083 1225 1255 1262; x_wconf 81' lang='lat' dir='ltr'><em>paruam</em></span> <span class='ocrx_word' id='word_1_156' title='bbox 1275 1213 1466 1262; x_wconf 79' lang='lat' dir='ltr'><em>quoniam</em></span> <span class='ocrx_word' id='word_1_157' title='bbox 1490 1212 1496 1259; x_wconf 91' lang='grc' dir='ltr'>Ι</span> <span class='ocrx_word' id='word_1_158' title='bbox 1520 1213 1603 1260; x_wconf 84' lang='lat' dir='ltr'><em>fuit</em></span> <span class='ocrx_word' id='word_1_159' title='bbox 1628 1213 1819 1251; x_wconf 82' lang='lat' dir='ltr'><em>scitianus</em></span> <span class='ocrx_word' id='word_1_160' title='bbox 1847 1213 1961 1250; x_wconf 83' lang='lat' dir='ltr'><em>ualde</em></span> 
     </span>
     <span class='ocr_line' id='line_1_18' title="bbox 224 1277 1958 1329; baseline -0.001 -10"><span class='ocrx_word' id='word_1_161' title='bbox 224 1282 449 1319; x_wconf 84' lang='lat' dir='ltr'><em>ditissimus</em></span> <span class='ocrx_word' id='word_1_162' title='bbox 484 1285 574 1319; x_wconf 79' lang='lat' dir='ltr'><em>erat.</em></span> <span class='ocrx_word' id='word_1_163' title='bbox 617 1293 703 1329; x_wconf 69' lang='lat' dir='ltr'><em>erqo</em></span> <span class='ocrx_word' id='word_1_164' title='bbox 740 1284 783 1317; x_wconf 86' lang='lat' dir='ltr'><em>ut</em></span> <span class='ocrx_word' id='word_1_165' title='bbox 810 1279 1117 1317; x_wconf 74' lang='lat' dir='ltr'><em>memorabimus</em></span> <span class='ocrx_word' id='word_1_166' title='bbox 1143 1277 1146 1327; x_wconf 87' lang='grc' dir='ltr'>Ι</span> <span class='ocrx_word' id='word_1_167' title='bbox 1176 1279 1382 1316; x_wconf 70' lang='lat' dir='ltr'><em>terebintus</em></span> <span class='ocrx_word' id='word_1_168' title='bbox 1416 1278 1569 1316; x_wconf 82' lang='lat' dir='ltr'><em>deuenit</em></span> <span class='ocrx_word' id='word_1_169' title='bbox 1603 1279 1647 1315; x_wconf 66' lang='lat' dir='ltr'><em>⁴in</em></span> <span class='ocrx_word' id='word_1_170' title='bbox 1678 1279 1831 1327; x_wconf 75' lang='lat' dir='ltr'><em>persida</em></span> <span class='ocrx_word' id='word_1_171' title='bbox 1866 1283 1900 1317; x_wconf 91' lang='lat' dir='ltr'><em>et</em></span> <span class='ocrx_word' id='word_1_172' title='bbox 1936 1293 1958 1317; x_wconf 87' lang='lat' dir='ltr'><em>a</em></span> 
     </span>
     <span class='ocr_line' id='line_1_19' title="bbox 225 1343 1960 1397; baseline -0.001 -13"><span class='ocrx_word' id='word_1_173' title='bbox 225 1348 395 1397; x_wconf 80' lang='lat' dir='ltr'><em>quadam</em></span> <span class='ocrx_word' id='word_1_174' title='bbox 429 1347 557 1385; x_wconf 86' lang='lat' dir='ltr'><em>uidua</em></span> <span class='ocrx_word' id='word_1_175' title='bbox 592 1346 772 1384; x_wconf 85' lang='lat' dir='ltr'><em>solitaria</em></span> <span class='ocrx_word' id='word_1_176' title='bbox 797 1343 802 1395; x_wconf 97' lang='grc' dir='ltr'>Ι</span> <span class='ocrx_word' id='word_1_177' title='bbox 829 1349 1029 1393; x_wconf 77' lang='lat' dir='ltr'><em>susceptus</em></span> <span class='ocrx_word' id='word_1_178' title='bbox 1059 1349 1113 1381; x_wconf 88' lang='lat' dir='ltr'><em>est</em></span> <span class='ocrx_word' id='word_1_179' title='bbox 1141 1357 1213 1393; x_wconf 76' lang='lat' dir='ltr'><em>que</em></span> <span class='ocrx_word' id='word_1_180' title='bbox 1248 1345 1331 1382; x_wconf 81' lang='lat' dir='ltr'><em>sola</em></span> <span class='ocrx_word' id='word_1_181' title='bbox 1360 1347 1459 1381; x_wconf 85' lang='lat' dir='ltr'><em>secta</em></span> <span class='ocrx_word' id='word_1_182' title='bbox 1487 1343 1574 1380; x_wconf 83' lang='lat' dir='ltr'><em>eius</em></span> <span class='ocrx_word' id='word_1_183' title='bbox 1607 1345 1704 1382; x_wconf 88' lang='lat' dir='ltr'><em>scire</em></span> <span class='ocrx_word' id='word_1_184' title='bbox 1733 1346 1866 1394; x_wconf 78' lang='lat' dir='ltr'><em>potuit</em></span> <span class='ocrx_word' id='word_1_185' title='bbox 1897 1346 1960 1383; x_wconf 79' lang='lat' dir='ltr'><em>hic</em></span> 
     </span>
     <span class='ocr_line' id='line_1_20' title="bbox 224 1407 1958 1462; baseline -0.001 -12"><span class='ocrx_word' id='word_1_186' title='bbox 224 1414 385 1451; x_wconf 81' lang='lat' dir='ltr'><em>elatione</em></span> <span class='ocrx_word' id='word_1_187' title='bbox 414 1409 613 1462; x_wconf 55' lang='lat' dir='ltr'><em>tuimidus</em></span> <span class='ocrx_word' id='word_1_188' title='bbox 634 1413 776 1450; x_wconf 87' lang='lat' dir='ltr'><em>dicebat</em></span> <span class='ocrx_word' id='word_1_189' title='bbox 796 1423 835 1449; x_wconf 88' lang='lat' dir='ltr'><em>se</em></span> <span class='ocrx_word' id='word_1_190' title='bbox 854 1411 897 1448; x_wconf 86' lang='lat' dir='ltr'><em>de</em></span> <span class='ocrx_word' id='word_1_191' title='bbox 917 1411 1072 1459; x_wconf 59' lang='lat' dir='ltr'><em>uirgine</em></span> <span class='ocrx_word' id='word_1_192' title='bbox 1091 1415 1230 1448; x_wconf 87' lang='lat' dir='ltr'><em>natum</em></span> <span class='ocrx_word' id='word_1_193' title='bbox 1260 1413 1293 1447; x_wconf 87' lang='lat' dir='ltr'><em>et</em></span> <span class='ocrx_word' id='word_1_194' title='bbox 1313 1410 1359 1447; x_wconf 87' lang='lat' dir='ltr'><em>ab</em></span> <span class='ocrx_word' id='word_1_195' title='bbox 1379 1410 1513 1458; x_wconf 70' lang='lat' dir='ltr'><em>anyelo</em></span> <span class='ocrx_word' id='word_1_196' title='bbox 1543 1409 1587 1446; x_wconf 90' lang='lat' dir='ltr'><em>in</em></span> <span class='ocrx_word' id='word_1_197' title='bbox 1607 1410 1806 1448; x_wconf 88' lang='lat' dir='ltr'><em>montibus</em></span> <span class='ocrx_word' id='word_1_198' title='bbox 1831 1407 1835 1459; x_wconf 87' lang='grc' dir='ltr'>Ι</span> <span class='ocrx_word' id='word_1_199' title='bbox 1862 1423 1958 1449; x_wconf 87' lang='lat' dir='ltr'><em>enu-</em></span> 
     </span>
    </p>
   </div>
   <div class='ocr_carea' id='block_1_4' title="bbox 157 1471 1960 1527">
    <p class='ocr_par' dir='ltr' id='par_1_5' title="bbox 157 1471 1960 1527">
     <span class='ocr_line' id='line_1_21' title="bbox 157 1471 1960 1527; baseline 0.001 -14"><span class='ocrx_word' id='word_1_200' title='bbox 157 1479 200 1513; x_wconf 87' lang='lat'><em>10</em></span> <span class='ocrx_word' id='word_1_201' title='bbox 226 1480 372 1516; x_wconf 89' lang='lat' dir='ltr'><em>tritum.</em></span> <span class='ocrx_word' id='word_1_202' title='bbox 415 1479 485 1527; x_wconf 76' lang='lat' dir='ltr'><em>qui</em></span> <span class='ocrx_word' id='word_1_203' title='bbox 512 1479 621 1516; x_wconf 77' lang='lat' dir='ltr'><em>etiam</em></span> <span class='ocrx_word' id='word_1_204' title='bbox 642 1482 790 1515; x_wconf 83' lang='lat' dir='ltr'><em>mutato</em></span> <span class='ocrx_word' id='word_1_205' title='bbox 812 1477 889 1514; x_wconf 85' lang='lat' dir='ltr'><em>sibi</em></span> <span class='ocrx_word' id='word_1_206' title='bbox 907 1476 1068 1514; x_wconf 86' lang='lat' dir='ltr'><em>nomine</em></span> <span class='ocrx_word' id='word_1_207' title='bbox 1088 1473 1288 1513; x_wconf 85' lang='lat' dir='ltr'><em>baiddam¹</em></span> <span class='ocrx_word' id='word_1_208' title='bbox 1320 1488 1359 1513; x_wconf 86' lang='lat' dir='ltr'><em>se</em></span> <span class='ocrx_word' id='word_1_209' title='bbox 1385 1487 1457 1524; x_wconf 81' lang='lat' dir='ltr'><em>pro</em></span> <span class='ocrx_word' id='word_1_210' title='bbox 1490 1471 1717 1525; x_wconf 63' lang='lat' dir='ltr'><em>telrebintho</em></span> <span class='ocrx_word' id='word_1_211' title='bbox 1739 1477 1960 1525; x_wconf 76' lang='lat' dir='ltr'><em>appellauit.</em></span> 
     </span>
    </p>
   </div>
   <div class='ocr_carea' id='block_1_5' title="bbox 158 1805 200 1839">
    <p class='ocr_par' dir='ltr' id='par_1_6' title="bbox 158 1805 200 1839">
     <span class='ocr_line' id='line_1_22' title="bbox 158 1805 200 1839; baseline 0.024 -1"><span class='ocrx_word' id='word_1_212' title='bbox 158 1805 200 1839; x_wconf 81' lang='lat'><em>15</em></span> 
     </span>
    </p>
   </div>
   <div class='ocr_carea' id='block_1_6' title="bbox 157 2129 201 2163">
    <p class='ocr_par' dir='ltr' id='par_1_7' title="bbox 157 2129 201 2163">
     <span class='ocr_line' id='line_1_23' title="bbox 157 2129 201 2163; baseline 0 0"><span class='ocrx_word' id='word_1_213' title='bbox 157 2129 201 2163; x_wconf 86' lang='lat'><em>20</em></span> 
     </span>
    </p>
   </div>
   <div class='ocr_carea' id='block_1_7' title="bbox 223 1538 1962 2840">
    <p class='ocr_par' dir='ltr' id='par_1_8' title="bbox 223 1538 1962 2840">
     <span class='ocr_line' id='line_1_24' title="bbox 224 1538 1959 1593; baseline -0.001 -11"><span class='ocrx_word' id='word_1_214' title='bbox 224 1545 288 1581; x_wconf 82' lang='lat' dir='ltr'><em>sed</em></span> <span class='ocrx_word' id='word_1_215' title='bbox 316 1556 406 1581; x_wconf 89' lang='lat' dir='ltr'><em>cum</em></span> <span class='ocrx_word' id='word_1_216' title='bbox 426 1545 596 1593; x_wconf 79' lang='lat' dir='ltr'><em>quadam</em></span> <span class='ocrx_word' id='word_1_217' title='bbox 624 1544 684 1581; x_wconf 87' lang='lat' dir='ltr'><em>die</em></span> <span class='ocrx_word' id='word_1_218' title='bbox 712 1544 757 1581; x_wconf 87' lang='lat' dir='ltr'><em>in</em></span> <span class='ocrx_word' id='word_1_219' title='bbox 776 1542 921 1580; x_wconf 83' lang='lat' dir='ltr'><em>solario</em></span> <span class='ocrx_word' id='word_1_220' title='bbox 941 1542 1157 1580; x_wconf 74' lang='lat' dir='ltr'><em>ascenderet</em></span> <span class='ocrx_word' id='word_1_221' title='bbox 1180 1538 1185 1592; x_wconf 93' lang='grc' dir='ltr'>Ι</span> <span class='ocrx_word' id='word_1_222' title='bbox 1211 1542 1256 1579; x_wconf 88' lang='lat' dir='ltr'><em>ab</em></span> <span class='ocrx_word' id='word_1_223' title='bbox 1285 1542 1480 1579; x_wconf 84' lang='lat' dir='ltr'><em>inmundo</em></span> <span class='ocrx_word' id='word_1_224' title='bbox 1511 1542 1654 1590; x_wconf 71' lang='lat' dir='ltr'><em>spiritu</em></span> <span class='ocrx_word' id='word_1_225' title='bbox 1683 1542 1816 1580; x_wconf 75' lang='lat' dir='ltr'><em>eoeinde</em></span> <span class='ocrx_word' id='word_1_226' title='bbox 1840 1542 1959 1580; x_wconf 85' lang='lat' dir='ltr'><em>deiec-</em></span> 
     </span>
     <span class='ocr_line' id='line_1_25' title="bbox 225 1604 1961 1659; baseline -0.002 -12"><span class='ocrx_word' id='word_1_227' title='bbox 225 1614 288 1647; x_wconf 86' lang='lat' dir='ltr'><em>tus</em></span> <span class='ocrx_word' id='word_1_228' title='bbox 316 1614 465 1659; x_wconf 86' lang='lat' dir='ltr'><em>repente</em></span> <span class='ocrx_word' id='word_1_229' title='bbox 494 1611 680 1659; x_wconf 75' lang='lat' dir='ltr'><em>spiritum</em></span> <span class='ocrx_word' id='word_1_230' title='bbox 709 1609 884 1647; x_wconf 82' lang='lat' dir='ltr'><em>reddidit.</em></span> <span class='ocrx_word' id='word_1_231' title='bbox 941 1613 1023 1646; x_wconf 89' lang='lat' dir='ltr'><em>tum</em></span> <span class='ocrx_word' id='word_1_232' title='bbox 1049 1604 1054 1658; x_wconf 96' lang='grc' dir='ltr'>Ι</span> <span class='ocrx_word' id='word_1_233' title='bbox 1078 1608 1203 1645; x_wconf 81' lang='lat' dir='ltr'><em>uidua</em></span> <span class='ocrx_word' id='word_1_234' title='bbox 1232 1620 1329 1656; x_wconf 81' lang='lat' dir='ltr'><em>quae</em></span> <span class='ocrx_word' id='word_1_235' title='bbox 1364 1620 1452 1645; x_wconf 86' lang='lat' dir='ltr'><em>eum</em></span> <span class='ocrx_word' id='word_1_236' title='bbox 1483 1610 1700 1656; x_wconf 78' lang='lat' dir='ltr'><em>susceperat</em></span> <span class='ocrx_word' id='word_1_237' title='bbox 1725 1619 1802 1656; x_wconf 76' lang='lat' dir='ltr'><em>pro</em></span> <span class='ocrx_word' id='word_1_238' title='bbox 1837 1611 1961 1645; x_wconf 84' lang='lat' dir='ltr'><em>morte</em></span> 
     </span>
     <span class='ocr_line' id='line_1_26' title="bbox 224 1670 1959 1725; baseline -0.002 -12"><span class='ocrx_word' id='word_1_239' title='bbox 224 1677 309 1714; x_wconf 85' lang='lat' dir='ltr'><em>eius</em></span> <span class='ocrx_word' id='word_1_240' title='bbox 330 1676 517 1725; x_wconf 73' lang='lat' dir='ltr'><em>pecuniae</em></span> <span class='ocrx_word' id='word_1_241' title='bbox 552 1670 781 1725; x_wconf 67' lang='lat' dir='ltr'><em>cupiditalte</em></span> <span class='ocrx_word' id='word_1_242' title='bbox 811 1675 954 1723; x_wconf 72' lang='lat' dir='ltr'><em>yauisa</em></span> <span class='ocrx_word' id='word_1_243' title='bbox 975 1686 1150 1723; x_wconf 79' lang='lat' dir='ltr'><em>puerum</em></span> <span class='ocrx_word' id='word_1_244' title='bbox 1183 1674 1260 1711; x_wconf 83' lang='lat' dir='ltr'><em>sibi</em></span> <span class='ocrx_word' id='word_1_245' title='bbox 1286 1686 1362 1722; x_wconf 77' lang='lat' dir='ltr'><em>pro</em></span> <span class='ocrx_word' id='word_1_246' title='bbox 1399 1673 1606 1710; x_wconf 71' lang='lat' dir='ltr'><em>senectutis</em></span> <span class='ocrx_word' id='word_1_247' title='bbox 1642 1673 1782 1711; x_wconf 80' lang='lat' dir='ltr'><em>solacio</em></span> <span class='ocrx_word' id='word_1_248' title='bbox 1818 1685 1959 1722; x_wconf 67' lang='grc' dir='ltr'><em>οοφηοαὲ</em></span> 
     </span>
     <span class='ocr_line' id='line_1_27' title="bbox 223 1737 1961 1791; baseline -0.001 -13"><span class='ocrx_word' id='word_1_249' title='bbox 223 1742 320 1779; x_wconf 73' lang='lat' dir='ltr'><em>rabit</em></span> <span class='ocrx_word' id='word_1_250' title='bbox 346 1739 350 1791; x_wconf 96' lang='grc' dir='ltr'>Ι</span> <span class='ocrx_word' id='word_1_251' title='bbox 376 1742 536 1779; x_wconf 83' lang='lat' dir='ltr'><em>nomine</em></span> <span class='ocrx_word' id='word_1_252' title='bbox 563 1741 758 1778; x_wconf 88' lang='lat' dir='ltr'><em>curbicius</em></span> <span class='ocrx_word' id='word_1_253' title='bbox 778 1753 894 1789; x_wconf 81' lang='lat' dir='ltr'><em>quem</em></span> <span class='ocrx_word' id='word_1_254' title='bbox 914 1743 947 1777; x_wconf 90' lang='lat' dir='ltr'><em>et</em></span> <span class='ocrx_word' id='word_1_255' title='bbox 977 1740 1113 1777; x_wconf 81' lang='lat' dir='ltr'><em>litteris</em></span> <span class='ocrx_word' id='word_1_256' title='bbox 1132 1751 1215 1777; x_wconf 87' lang='lat' dir='ltr'><em>non</em></span> <span class='ocrx_word' id='word_1_257' title='bbox 1233 1739 1492 1776; x_wconf 68' lang='lat' dir='ltr'><em>mediocribus</em></span> <span class='ocrx_word' id='word_1_258' title='bbox 1517 1737 1523 1786; x_wconf 94' lang='grc' dir='ltr'>Ι</span> <span class='ocrx_word' id='word_1_259' title='bbox 1549 1739 1723 1776; x_wconf 85' lang='lat' dir='ltr'><em>erudiuit</em></span> <span class='ocrx_word' id='word_1_260' title='bbox 1736 1742 1826 1787; x_wconf 79' lang='lat' dir='ltr'><em>post</em></span> <span class='ocrx_word' id='word_1_261' title='bbox 1846 1739 1961 1777; x_wconf 82' lang='lat' dir='ltr'><em>cuius</em></span> 
     </span>
     <span class='ocr_line' id='line_1_28' title="bbox 224 1801 1960 1855; baseline -0.002 -10"><span class='ocrx_word' id='word_1_262' title='bbox 224 1811 387 1845; x_wconf 82' lang='lat' dir='ltr'><em>mortem</em></span> <span class='ocrx_word' id='word_1_263' title='bbox 416 1819 498 1845; x_wconf 84' lang='lat' dir='ltr'><em>non</em></span> <span class='ocrx_word' id='word_1_264' title='bbox 526 1807 657 1845; x_wconf 86' lang='lat' dir='ltr'><em>solum</em></span> <span class='ocrx_word' id='word_1_265' title='bbox 686 1807 804 1843; x_wconf 85' lang='lat' dir='ltr'><em>libros</em></span> <span class='ocrx_word' id='word_1_266' title='bbox 829 1818 927 1855; x_wconf 79' lang='lat' dir='ltr'><em>quos</em></span> <span class='ocrx_word' id='word_1_267' title='bbox 958 1801 1187 1855; x_wconf 52' lang='lat' dir='ltr'><em>terebinstus</em></span> <span class='ocrx_word' id='word_1_268' title='bbox 1214 1805 1452 1854; x_wconf 79' lang='lat' dir='ltr'><em>relinquerat</em></span> <span class='ocrx_word' id='word_1_269' title='bbox 1478 1805 1544 1841; x_wconf 87' lang='lat' dir='ltr'><em>sed</em></span> <span class='ocrx_word' id='word_1_270' title='bbox 1577 1808 1613 1842; x_wconf 91' lang='lat' dir='ltr'><em>et</em></span> <span class='ocrx_word' id='word_1_271' title='bbox 1630 1805 1845 1853; x_wconf 78' lang='lat' dir='ltr'><em>pecuniam</em></span> <span class='ocrx_word' id='word_1_272' title='bbox 1872 1818 1960 1842; x_wconf 82' lang='lat' dir='ltr'><em>cur-</em></span> 
     </span>
     <span class='ocr_line' id='line_1_29' title="bbox 225 1869 1962 1922; baseline -0.001 -13"><span class='ocrx_word' id='word_1_273' title='bbox 225 1873 319 1910; x_wconf 81' lang='lat' dir='ltr'><em>bicis</em></span> <span class='ocrx_word' id='word_1_274' title='bbox 349 1885 518 1910; x_wconf 82' lang='lat' dir='ltr'><em>sumens.</em></span> <span class='ocrx_word' id='word_1_275' title='bbox 569 1877 643 1910; x_wconf 89' lang='lat' dir='ltr'><em>tres</em></span> <span class='ocrx_word' id='word_1_276' title='bbox 671 1873 709 1909; x_wconf 89' lang='lat' dir='ltr'><em>si</em></span> <span class='ocrx_word' id='word_1_277' title='bbox 718 1869 775 1922; x_wconf 66' lang='lat' dir='ltr'><em>{bi</em></span> <span class='ocrx_word' id='word_1_278' title='bbox 803 1872 1015 1921; x_wconf 76' lang='lat' dir='ltr'><em>discipulos</em></span> <span class='ocrx_word' id='word_1_279' title='bbox 1043 1871 1263 1921; x_wconf 80' lang='lat' dir='ltr'><em>adquisiuit</em></span> <span class='ocrx_word' id='word_1_280' title='bbox 1297 1883 1467 1920; x_wconf 81' lang='lat' dir='ltr'><em>quorum</em></span> <span class='ocrx_word' id='word_1_281' title='bbox 1496 1883 1608 1908; x_wconf 88' lang='lat' dir='ltr'><em>unus</em></span> <span class='ocrx_word' id='word_1_282' title='bbox 1639 1871 1799 1908; x_wconf 75' lang='lat' dir='ltr'><em>thomas.</em></span> <span class='ocrx_word' id='word_1_283' title='bbox 1854 1871 1962 1908; x_wconf 76' lang='lat' dir='ltr'><em>alius</em></span> 
     </span>
     <span class='ocr_line' id='line_1_30' title="bbox 225 1931 1960 1986; baseline -0.001 -11"><span class='ocrx_word' id='word_1_284' title='bbox 225 1939 322 1975; x_wconf 84' lang='lat' dir='ltr'><em>abda</em></span> <span class='ocrx_word' id='word_1_285' title='bbox 348 1935 352 1985; x_wconf 97' lang='grc' dir='ltr'>Ι</span> <span class='ocrx_word' id='word_1_286' title='bbox 380 1938 515 1975; x_wconf 84' lang='lat' dir='ltr'><em>tertius</em></span> <span class='ocrx_word' id='word_1_287' title='bbox 544 1941 597 1975; x_wconf 89' lang='lat' dir='ltr'><em>est</em></span> <span class='ocrx_word' id='word_1_288' title='bbox 616 1938 772 1975; x_wconf 78' lang='lat' dir='ltr'><em>hermas</em></span> <span class='ocrx_word' id='word_1_289' title='bbox 792 1938 863 1975; x_wconf 79' lang='lat' dir='ltr'><em>lios</em></span> <span class='ocrx_word' id='word_1_290' title='bbox 882 1937 933 1975; x_wconf 83' lang='lat' dir='ltr'><em>ad</em></span> <span class='ocrx_word' id='word_1_291' title='bbox 958 1937 1238 1986; x_wconf 79' lang='lat' dir='ltr'><em>predicandum</em></span> <span class='ocrx_word' id='word_1_292' title='bbox 1268 1937 1389 1974; x_wconf 79' lang='lat' dir='ltr'><em>libros</em></span> <span class='ocrx_word' id='word_1_293' title='bbox 1409 1948 1506 1985; x_wconf 82' lang='lat' dir='ltr'><em>quos</em></span> <span class='ocrx_word' id='word_1_294' title='bbox 1526 1931 1742 1986; x_wconf 54' lang='lat' dir='ltr'><em>scitiainus</em></span> <span class='ocrx_word' id='word_1_295' title='bbox 1770 1937 1960 1975; x_wconf 85' lang='lat' dir='ltr'><em>conscrib-</em></span> 
     </span>
     <span class='ocr_line' id='line_1_31' title="bbox 225 1999 1959 2056; baseline -0.001 -16"><span class='ocrx_word' id='word_1_296' title='bbox 225 2007 328 2041; x_wconf 79' lang='lat' dir='ltr'><em>serat</em></span> <span class='ocrx_word' id='word_1_297' title='bbox 347 2001 377 2056; x_wconf 54' lang='grc' dir='ltr'><em>ρ</em></span> <span class='ocrx_word' id='word_1_298' title='bbox 398 2004 568 2041; x_wconf 84' lang='lat' dir='ltr'><em>mittebat</em></span> <span class='ocrx_word' id='word_1_299' title='bbox 574 2015 644 2052; x_wconf 85' lang='lat' dir='ltr'><em>per</em></span> <span class='ocrx_word' id='word_1_300' title='bbox 660 2004 804 2052; x_wconf 77' lang='lat' dir='ltr'><em>quibus</em></span> <span class='ocrx_word' id='word_1_301' title='bbox 810 2004 1009 2052; x_wconf 78' lang='lat' dir='ltr'><em>plurimae</em></span> <span class='ocrx_word' id='word_1_302' title='bbox 1013 1999 1259 2053; x_wconf 73' lang='lat' dir='ltr'><em>prouinlciae</em></span> <span class='ocrx_word' id='word_1_303' title='bbox 1271 2003 1316 2040; x_wconf 83' lang='lat' dir='ltr'><em>in</em></span> <span class='ocrx_word' id='word_1_304' title='bbox 1328 2005 1540 2040; x_wconf 83' lang='lat' dir='ltr'><em>memorata</em></span> <span class='ocrx_word' id='word_1_305' title='bbox 1554 2005 1652 2039; x_wconf 87' lang='lat' dir='ltr'><em>secta</em></span> <span class='ocrx_word' id='word_1_306' title='bbox 1664 2002 1841 2039; x_wconf 82' lang='lat' dir='ltr'><em>inretitae</em></span> <span class='ocrx_word' id='word_1_307' title='bbox 1852 2006 1959 2040; x_wconf 86' lang='lat' dir='ltr'><em>sunt.</em></span> 
     </span>
     <span class='ocr_line' id='line_1_32' title="bbox 228 2064 1958 2119; baseline 0 -13"><span class='ocrx_word' id='word_1_308' title='bbox 228 2073 356 2106; x_wconf 77' lang='lat' dir='ltr'><em>tamen</em></span> <span class='ocrx_word' id='word_1_309' title='bbox 385 2072 418 2106; x_wconf 86' lang='lat' dir='ltr'><em>et</em></span> <span class='ocrx_word' id='word_1_310' title='bbox 445 2070 527 2118; x_wconf 78' lang='lat' dir='ltr'><em>ipse</em></span> <span class='ocrx_word' id='word_1_311' title='bbox 555 2066 775 2119; x_wconf 83' lang='lat' dir='ltr'><em>curlbicius</em></span> <span class='ocrx_word' id='word_1_312' title='bbox 796 2073 889 2118; x_wconf 75' lang='lat' dir='ltr'><em>post</em></span> <span class='ocrx_word' id='word_1_313' title='bbox 916 2073 1080 2107; x_wconf 84' lang='lat' dir='ltr'><em>mortem</em></span> <span class='ocrx_word' id='word_1_314' title='bbox 1109 2068 1254 2106; x_wconf 86' lang='lat' dir='ltr'><em>uiduae</em></span> <span class='ocrx_word' id='word_1_315' title='bbox 1282 2069 1476 2105; x_wconf 87' lang='lat' dir='ltr'><em>inmutato</em></span> <span class='ocrx_word' id='word_1_316' title='bbox 1506 2068 1583 2105; x_wconf 86' lang='lat' dir='ltr'><em>sibi</em></span> <span class='ocrx_word' id='word_1_317' title='bbox 1610 2068 1770 2105; x_wconf 88' lang='lat' dir='ltr'><em>nomine</em></span> <span class='ocrx_word' id='word_1_318' title='bbox 1798 2064 1958 2118; x_wconf 74' lang='lat' dir='ltr'><em>manen}</em></span> 
     </span>
     <span class='ocr_line' id='line_1_33' title="bbox 227 2129 1961 2184; baseline 0 -13"><span class='ocrx_word' id='word_1_319' title='bbox 227 2147 266 2171; x_wconf 87' lang='lat' dir='ltr'><em>se</em></span> <span class='ocrx_word' id='word_1_320' title='bbox 287 2147 363 2183; x_wconf 75' lang='lat' dir='ltr'><em>pro</em></span> <span class='ocrx_word' id='word_1_321' title='bbox 393 2134 611 2172; x_wconf 86' lang='lat' dir='ltr'><em>curbicium</em></span> <span class='ocrx_word' id='word_1_322' title='bbox 639 2135 886 2184; x_wconf 77' lang='lat' dir='ltr'><em>nuncupauit</em></span> <span class='ocrx_word' id='word_1_323' title='bbox 916 2135 986 2184; x_wconf 78' lang='lat' dir='ltr'><em>qui</em></span> <span class='ocrx_word' id='word_1_324' title='bbox 1013 2134 1226 2184; x_wconf 81' lang='lat' dir='ltr'><em>aliquando</em></span> <span class='ocrx_word' id='word_1_325' title='bbox 1256 2146 1281 2170; x_wconf 84' lang='lat' dir='ltr'><em>a</em></span> <span class='ocrx_word' id='word_1_326' title='bbox 1299 2146 1383 2182; x_wconf 75' lang='lat' dir='ltr'><em>reye</em></span> <span class='ocrx_word' id='word_1_327' title='bbox 1404 2145 1616 2183; x_wconf 77' lang='lat' dir='ltr'><em>persarum</em></span> <span class='ocrx_word' id='word_1_328' title='bbox 1641 2129 1647 2183; x_wconf 96' lang='grc' dir='ltr'>Ι</span> <span class='ocrx_word' id='word_1_329' title='bbox 1672 2134 1961 2182; x_wconf 74' lang='lat' dir='ltr'><em>conprehensus</em></span> 
     </span>
     <span class='ocr_line' id='line_1_34' title="bbox 228 2196 1961 2249; baseline 0 -12"><span class='ocrx_word' id='word_1_330' title='bbox 228 2201 295 2237; x_wconf 77' lang='lat' dir='ltr'><em>tali</em></span> <span class='ocrx_word' id='word_1_331' title='bbox 323 2200 511 2238; x_wconf 85' lang='lat' dir='ltr'><em>sententia</em></span> <span class='ocrx_word' id='word_1_332' title='bbox 531 2201 745 2238; x_wconf 82' lang='lat' dir='ltr'><em>damnatus</em></span> <span class='ocrx_word' id='word_1_333' title='bbox 775 2205 829 2238; x_wconf 87' lang='lat' dir='ltr'><em>est</em></span> <span class='ocrx_word' id='word_1_334' title='bbox 858 2205 903 2238; x_wconf 89' lang='lat' dir='ltr'><em>ut</em></span> <span class='ocrx_word' id='word_1_335' title='bbox 920 2201 1117 2238; x_wconf 80' lang='lat' dir='ltr'><em>hircorum</em></span> <span class='ocrx_word' id='word_1_336' title='bbox 1143 2196 1148 2249; x_wconf 96' lang='grc' dir='ltr'>Ι</span> <span class='ocrx_word' id='word_1_337' title='bbox 1172 2204 1336 2237; x_wconf 83' lang='lat' dir='ltr'><em>mortem</em></span> <span class='ocrx_word' id='word_1_338' title='bbox 1366 2197 1431 2248; x_wconf 89' lang='lat' dir='ltr'><em>(zu</em></span> <span class='ocrx_word' id='word_1_339' title='bbox 1452 2211 1558 2236; x_wconf 87' lang='lat' dir='ltr'><em>more</em></span> <span class='ocrx_word' id='word_1_340' title='bbox 1579 2196 1697 2248; x_wconf 78' lang='lat' dir='ltr'><em>corr.)</em></span> <span class='ocrx_word' id='word_1_341' title='bbox 1726 2199 1961 2238; x_wconf 84' lang='lat' dir='ltr'><em>discoriatus</em></span> 
     </span>
     <span class='ocr_line' id='line_1_35' title="bbox 228 2263 1958 2316; baseline -0.001 -14"><span class='ocrx_word' id='word_1_342' title='bbox 228 2270 312 2303; x_wconf 88' lang='lat' dir='ltr'><em>uter</em></span> <span class='ocrx_word' id='word_1_343' title='bbox 332 2266 417 2303; x_wconf 83' lang='lat' dir='ltr'><em>eius</em></span> <span class='ocrx_word' id='word_1_344' title='bbox 437 2266 487 2302; x_wconf 82' lang='lat' dir='ltr'><em>ad</em></span> <span class='ocrx_word' id='word_1_345' title='bbox 511 2270 666 2315; x_wconf 26' lang='lat' dir='ltr'><em>portam*</em></span> <span class='ocrx_word' id='word_1_346' title='bbox 677 2268 862 2316; x_wconf 76' lang='lat' dir='ltr'><em>penderet</em></span> <span class='ocrx_word' id='word_1_347' title='bbox 880 2279 1015 2304; x_wconf 87' lang='lat' dir='ltr'><em>carnes</em></span> <span class='ocrx_word' id='word_1_348' title='bbox 1040 2263 1045 2315; x_wconf 96' lang='grc' dir='ltr'>Ι</span> <span class='ocrx_word' id='word_1_349' title='bbox 1071 2278 1164 2303; x_wconf 87' lang='lat' dir='ltr'><em>uero</em></span> <span class='ocrx_word' id='word_1_350' title='bbox 1185 2265 1271 2303; x_wconf 86' lang='lat' dir='ltr'><em>eius</em></span> <span class='ocrx_word' id='word_1_351' title='bbox 1290 2265 1519 2303; x_wconf 85' lang='lat' dir='ltr'><em>uolucribus</em></span> <span class='ocrx_word' id='word_1_352' title='bbox 1541 2265 1637 2302; x_wconf 83' lang='lat' dir='ltr'><em>caeli</em></span> <span class='ocrx_word' id='word_1_353' title='bbox 1654 2265 1705 2302; x_wconf 86' lang='lat' dir='ltr'><em>ad</em></span> <span class='ocrx_word' id='word_1_354' title='bbox 1723 2277 1849 2302; x_wconf 86' lang='lat' dir='ltr'><em>escam</em></span> <span class='ocrx_word' id='word_1_355' title='bbox 1860 2277 1958 2313; x_wconf 77' lang='lat' dir='ltr'><em>pro-</em></span> 
     </span>
     <span class='ocr_line' id='line_1_36' title="bbox 230 2328 1960 2381; baseline -0.001 -13"><span class='ocrx_word' id='word_1_356' title='bbox 230 2332 385 2379; x_wconf 72' lang='lat' dir='ltr'><em>ficerent</em></span> <span class='ocrx_word' id='word_1_357' title='bbox 403 2333 492 2369; x_wconf 76' lang='lat' dir='ltr'><em>haec</em></span> <span class='ocrx_word' id='word_1_358' title='bbox 519 2333 575 2369; x_wconf 85' lang='lat' dir='ltr'><em>ita</em></span> <span class='ocrx_word' id='word_1_359' title='bbox 601 2330 605 2378; x_wconf 97' lang='grc' dir='ltr'>Ι</span> <span class='ocrx_word' id='word_1_360' title='bbox 633 2345 713 2370; x_wconf 86' lang='lat' dir='ltr'><em>esse</em></span> <span class='ocrx_word' id='word_1_361' title='bbox 732 2334 875 2370; x_wconf 82' lang='lat' dir='ltr'><em>melius</em></span> <span class='ocrx_word' id='word_1_362' title='bbox 895 2345 1009 2370; x_wconf 87' lang='lat' dir='ltr'><em>nosse</em></span> <span class='ocrx_word' id='word_1_363' title='bbox 1037 2332 1233 2381; x_wconf 76' lang='lat' dir='ltr'><em>cupientes</em></span> <span class='ocrx_word' id='word_1_364' title='bbox 1254 2330 1285 2378; x_wconf 91' lang='lat' dir='ltr'><em>(i</em></span> <span class='ocrx_word' id='word_1_365' title='bbox 1304 2328 1560 2381; x_wconf 81' lang='lat' dir='ltr'><em>iibergesch.)</em></span> <span class='ocrx_word' id='word_1_366' title='bbox 1582 2330 1803 2368; x_wconf 80' lang='lat' dir='ltr'><em>archelaum</em></span> <span class='ocrx_word' id='word_1_367' title='bbox 1824 2331 1960 2378; x_wconf 75' lang='lat' dir='ltr'><em>leyant.</em></span> 
     </span>
     <span class='ocr_line' id='line_1_37' title="bbox 336 2392 1962 2447; baseline -0.001 -13"><span class='ocrx_word' id='word_1_368' title='bbox 336 2394 415 2434; x_wconf 84' lang='lat' dir='ltr'><em>Die</em></span> <span class='ocrx_word' id='word_1_369' title='bbox 451 2397 557 2435; x_wconf 69' lang='lat' dir='ltr'><em>ersbe</em></span> <span class='ocrx_word' id='word_1_370' title='bbox 593 2394 701 2435; x_wconf 79' lang='lat' dir='ltr'><em>Zeile</em></span> <span class='ocrx_word' id='word_1_371' title='bbox 742 2395 796 2435; x_wconf 75' lang='lat' dir='ltr'><em>ist</em></span> <span class='ocrx_word' id='word_1_372' title='bbox 831 2395 874 2435; x_wconf 86' lang='lat' dir='ltr'><em>in</em></span> <span class='ocrx_word' id='word_1_373' title='bbox 914 2394 1102 2444; x_wconf 79' lang='lat' dir='ltr'><em>Uueiale,</em></span> <span class='ocrx_word' id='word_1_374' title='bbox 1145 2394 1210 2435; x_wconf 87' lang='lat' dir='ltr'><em>die</em></span> <span class='ocrx_word' id='word_1_375' title='bbox 1247 2393 1423 2447; x_wconf 77' lang='lat' dir='ltr'><em>iibrigen</em></span> <span class='ocrx_word' id='word_1_376' title='bbox 1460 2392 1551 2434; x_wconf 86' lang='lat' dir='ltr'><em>sind</em></span> <span class='ocrx_word' id='word_1_377' title='bbox 1587 2392 1629 2432; x_wconf 88' lang='lat' dir='ltr'><em>in</em></span> <span class='ocrx_word' id='word_1_378' title='bbox 1665 2393 1759 2433; x_wconf 82' lang='lat' dir='ltr'><em>sehr</em></span> <span class='ocrx_word' id='word_1_379' title='bbox 1787 2393 1962 2433; x_wconf 67' lang='lat' dir='ltr'><em>sehoner</em></span> 
     </span>
     <span class='ocr_line' id='line_1_38' title="bbox 232 2457 1961 2513; baseline -0.001 -14"><span class='ocrx_word' id='word_1_380' title='bbox 232 2458 536 2501; x_wconf 76' lang='lat' dir='ltr'><em>Halb-Unciale</em></span> <span class='ocrx_word' id='word_1_381' title='bbox 573 2461 851 2513; x_wconf 78' lang='lat' dir='ltr'><em>geschrieben.</em></span> <span class='ocrx_word' id='word_1_382' title='bbox 909 2461 988 2501; x_wconf 77' lang='lat' dir='ltr'><em>Die</em></span> <span class='ocrx_word' id='word_1_383' title='bbox 1024 2459 1336 2512; x_wconf 81' lang='lat' dir='ltr'><em>Abkiirzungen</em></span> <span class='ocrx_word' id='word_1_384' title='bbox 1377 2460 1486 2500; x_wconf 86' lang='lat' dir='ltr'><em>sind:</em></span> <span class='ocrx_word' id='word_1_385' title='bbox 1528 2474 1562 2511; x_wconf 78' lang='lat' dir='ltr'><em>q.</em></span> <span class='ocrx_word' id='word_1_386' title='bbox 1591 2457 1648 2511; x_wconf 89' lang='lat' dir='ltr'><em>(Z.</em></span> <span class='ocrx_word' id='word_1_387' title='bbox 1674 2458 1733 2510; x_wconf 88' lang='grc'><em>2),</em></span> <span class='ocrx_word' id='word_1_388' title='bbox 1768 2473 1844 2509; x_wconf 83' lang='lat' dir='ltr'><em>spu</em></span> <span class='ocrx_word' id='word_1_389' title='bbox 1875 2460 1961 2498; x_wconf 88' lang='lat' dir='ltr'><em>und</em></span> 
     </span>
     <span class='ocr_line' id='line_1_39' title="bbox 230 2523 1961 2578; baseline -0.001 -13"><span class='ocrx_word' id='word_1_390' title='bbox 230 2541 317 2576; x_wconf 80' lang='lat' dir='ltr'><em>spm</em></span> <span class='ocrx_word' id='word_1_391' title='bbox 347 2526 422 2565; x_wconf 66' lang='lat' dir='ltr'><em>mih</em></span> <span class='ocrx_word' id='word_1_392' title='bbox 452 2524 587 2566; x_wconf 74' lang='lat' dir='ltr'>Strich</span> <span class='ocrx_word' id='word_1_393' title='bbox 624 2525 800 2566; x_wconf 81' lang='lat' dir='ltr'><em>dariiber</em></span> <span class='ocrx_word' id='word_1_394' title='bbox 830 2526 885 2577; x_wconf 90' lang='lat' dir='ltr'><em>(Z.</em></span> <span class='ocrx_word' id='word_1_395' title='bbox 910 2531 956 2567; x_wconf 91' lang='lat'><em>11</em></span> <span class='ocrx_word' id='word_1_396' title='bbox 989 2526 1073 2567; x_wconf 86' lang='lat' dir='ltr'><em>und</em></span> <span class='ocrx_word' id='word_1_397' title='bbox 1106 2524 1183 2578; x_wconf 79' lang='lat'>12).</span> <span class='ocrx_word' id='word_1_398' title='bbox 1240 2524 1326 2565; x_wconf 79' lang='lat' dir='ltr'><em>Der</em></span> <span class='ocrx_word' id='word_1_399' title='bbox 1353 2523 1556 2565; x_wconf 66' lang='lat' dir='ltr'><em>m-Sbrich</em></span> <span class='ocrx_word' id='word_1_400' title='bbox 1586 2523 1747 2564; x_wconf 69' lang='lat' dir='ltr'><em>kommb</em></span> <span class='ocrx_word' id='word_1_401' title='bbox 1782 2538 1860 2563; x_wconf 87' lang='lat' dir='ltr'><em>nur</em></span> <span class='ocrx_word' id='word_1_402' title='bbox 1895 2538 1961 2564; x_wconf 87' lang='lat' dir='ltr'><em>am</em></span> 
     </span>
     <span class='ocr_line' id='line_1_40' title="bbox 230 2587 1961 2644; baseline -0.001 -14"><span class='ocrx_word' id='word_1_403' title='bbox 230 2589 473 2631; x_wconf 80' lang='lat' dir='ltr'><em>Zeilenende</em></span> <span class='ocrx_word' id='word_1_404' title='bbox 503 2605 576 2631; x_wconf 87' lang='lat' dir='ltr'><em>vor</em></span> <span class='ocrx_word' id='word_1_405' title='bbox 597 2590 652 2642; x_wconf 88' lang='lat' dir='ltr'><em>(Z.</em></span> <span class='ocrx_word' id='word_1_406' title='bbox 674 2595 709 2633; x_wconf 90' lang='grc'><em>2.</em></span> <span class='ocrx_word' id='word_1_407' title='bbox 724 2595 758 2634; x_wconf 86' lang='grc'><em>3.</em></span> <span class='ocrx_word' id='word_1_408' title='bbox 773 2593 928 2644; x_wconf 68' lang='grc'>2021).</span> <span class='ocrx_word' id='word_1_409' title='bbox 976 2591 1054 2633; x_wconf 91' lang='grc' dir='ltr'><em>Α13</em></span> <span class='ocrx_word' id='word_1_410' title='bbox 1082 2589 1402 2643; x_wconf 71' lang='lat' dir='ltr'><em>Inherpunktion</em></span> <span class='ocrx_word' id='word_1_411' title='bbox 1432 2589 1546 2630; x_wconf 72' lang='lat' dir='ltr'><em>dient</em></span> <span class='ocrx_word' id='word_1_412' title='bbox 1575 2591 1648 2629; x_wconf 81' lang='lat' dir='ltr'><em>der</em></span> <span class='ocrx_word' id='word_1_413' title='bbox 1669 2587 1825 2638; x_wconf 73' lang='lat' dir='ltr'><em>Punkt3</em></span> <span class='ocrx_word' id='word_1_414' title='bbox 1856 2590 1961 2629; x_wconf 81' lang='lat' dir='ltr'><em>doch</em></span> 
     </span>
     <span class='ocr_line' id='line_1_41' title="bbox 230 2654 1962 2710; baseline -0.001 -15"><span class='ocrx_word' id='word_1_415' title='bbox 230 2658 394 2696; x_wconf 78' lang='lat' dir='ltr'><em>werden</em></span> <span class='ocrx_word' id='word_1_416' title='bbox 429 2656 493 2697; x_wconf 87' lang='lat' dir='ltr'><em>die</em></span> <span class='ocrx_word' id='word_1_417' title='bbox 522 2655 700 2697; x_wconf 65' lang='lat' dir='ltr'><em>W‘(&#39;)1·terv</em></span> <span class='ocrx_word' id='word_1_418' title='bbox 723 2657 983 2710; x_wconf 64' lang='lat' dir='ltr'><em>gewbhnlich</em></span> <span class='ocrx_word' id='word_1_419' title='bbox 1019 2656 1135 2697; x_wconf 68' lang='lat' dir='ltr'><em>nieht</em></span> <span class='ocrx_word' id='word_1_420' title='bbox 1163 2657 1365 2709; x_wconf 64' lang='lat' dir='ltr'><em>getrennh.</em></span> <span class='ocrx_word' id='word_1_421' title='bbox 1421 2671 1446 2695; x_wconf 88' lang='lat' dir='ltr'><em>a</em></span> <span class='ocrx_word' id='word_1_422' title='bbox 1474 2656 1546 2695; x_wconf 63' lang='lat' dir='ltr'><em>hah</em></span> <span class='ocrx_word' id='word_1_423' title='bbox 1574 2654 1738 2704; x_wconf 84' lang='lat' dir='ltr'><em>immer‚</em></span> <span class='ocrx_word' id='word_1_424' title='bbox 1774 2657 1794 2694; x_wconf 91' lang='lat' dir='ltr'><em>b</em></span> <span class='ocrx_word' id='word_1_425' title='bbox 1823 2656 1910 2694; x_wconf 85' lang='lat' dir='ltr'><em>und</em></span> <span class='ocrx_word' id='word_1_426' title='bbox 1937 2670 1962 2704; x_wconf 74' lang='lat'><em>9</em></span> 
     </span>
     <span class='ocr_line' id='line_1_42' title="bbox 229 2720 1959 2775; baseline -0.001 -14"><span class='ocrx_word' id='word_1_427' title='bbox 229 2722 361 2762; x_wconf 79' lang='lat' dir='ltr'><em>haben</em></span> <span class='ocrx_word' id='word_1_428' title='bbox 393 2722 543 2762; x_wconf 83' lang='lat' dir='ltr'><em>einmal</em></span> <span class='ocrx_word' id='word_1_429' title='bbox 574 2722 638 2763; x_wconf 83' lang='lat' dir='ltr'><em>die</em></span> <span class='ocrx_word' id='word_1_430' title='bbox 656 2721 933 2772; x_wconf 82' lang='lat' dir='ltr'><em>Uneialform3</em></span> <span class='ocrx_word' id='word_1_431' title='bbox 962 2725 989 2763; x_wconf 91' lang='grc' dir='ltr'><em>Ι</em></span> <span class='ocrx_word' id='word_1_432' title='bbox 1000 2722 1128 2775; x_wconf 82' lang='lat' dir='ltr'>longa</span> <span class='ocrx_word' id='word_1_433' title='bbox 1155 2720 1318 2762; x_wconf 74' lang='lat' dir='ltr'><em>komm&#39;fi</em></span> <span class='ocrx_word' id='word_1_434' title='bbox 1347 2735 1425 2761; x_wconf 85' lang='lat' dir='ltr'><em>nur</em></span> <span class='ocrx_word' id='word_1_435' title='bbox 1453 2720 1559 2761; x_wconf 79' lang='lat' dir='ltr'><em>nach</em></span> <span class='ocrx_word' id='word_1_436' title='bbox 1585 2721 1705 2760; x_wconf 88' lang='lat' dir='ltr'><em>tund</em></span> <span class='ocrx_word' id='word_1_437' title='bbox 1727 2735 1749 2759; x_wconf 89' lang='lat' dir='ltr'><em>r</em></span> <span class='ocrx_word' id='word_1_438' title='bbox 1772 2733 1863 2769; x_wconf 85' lang='lat' dir='ltr'><em>vor;</em></span> <span class='ocrx_word' id='word_1_439' title='bbox 1894 2720 1959 2760; x_wconf 81' lang='lat' dir='ltr'><em>die</em></span> 
     </span>
     <span class='ocr_line' id='line_1_43' title="bbox 232 2784 1777 2840; baseline 0 -15"><span class='ocrx_word' id='word_1_440' title='bbox 232 2786 419 2839; x_wconf 79' lang='lat' dir='ltr'><em>einzigen</em></span> <span class='ocrx_word' id='word_1_441' title='bbox 447 2785 671 2840; x_wconf 71' lang='lat' dir='ltr'><em>Ligaturen</em></span> <span class='ocrx_word' id='word_1_442' title='bbox 702 2788 795 2828; x_wconf 80' lang='lat' dir='ltr'><em>sind</em></span> <span class='ocrx_word' id='word_1_443' title='bbox 824 2796 899 2829; x_wconf 85' lang='lat' dir='ltr'><em>-ret</em></span> <span class='ocrx_word' id='word_1_444' title='bbox 927 2787 981 2840; x_wconf 91' lang='lat' dir='ltr'><em>(Z.</em></span> <span class='ocrx_word' id='word_1_445' title='bbox 1006 2792 1066 2829; x_wconf 89' lang='lat'><em>11.</em></span> <span class='ocrx_word' id='word_1_446' title='bbox 1087 2786 1156 2840; x_wconf 87' lang='grc'><em>22)</em></span> <span class='ocrx_word' id='word_1_447' title='bbox 1196 2788 1282 2827; x_wconf 86' lang='lat' dir='ltr'><em>und</em></span> <span class='ocrx_word' id='word_1_448' title='bbox 1310 2796 1424 2826; x_wconf 81' lang='lat' dir='ltr'><em>-rtem</em></span> <span class='ocrx_word' id='word_1_449' title='bbox 1454 2784 1508 2837; x_wconf 85' lang='lat' dir='ltr'><em>(Z.</em></span> <span class='ocrx_word' id='word_1_450' title='bbox 1533 2789 1591 2827; x_wconf 88' lang='lat'><em>15.</em></span> <span class='ocrx_word' id='word_1_451' title='bbox 1616 2789 1676 2827; x_wconf 85' lang='lat'><em>19.</em></span> <span class='ocrx_word' id='word_1_452' title='bbox 1698 2784 1777 2838; x_wconf 89' lang='grc'>21).</span> 
     </span>
    </p>
   </div>
   <div class='ocr_carea' id='block_1_8' title="bbox 235 2882 510 2885">
    <p class='ocr_par' dir='ltr' id='par_1_9' title="bbox 235 2882 510 2885">
     <span class='ocr_line' id='line_1_44' title="bbox 235 2882 510 2885; baseline 0 0"><span class='ocrx_word' id='word_1_453' title='bbox 235 2882 510 2885; x_wconf 95' lang='lat' dir='ltr'><em> </em></span> 
     </span>
    </p>
   </div>
   <div class='ocr_carea' id='block_1_9' title="bbox 343 2925 1673 2971">
    <p class='ocr_par' dir='ltr' id='par_1_10' title="bbox 343 2925 1673 2971">
     <span class='ocr_line' id='line_1_45' title="bbox 343 2925 1673 2971; baseline -0.002 -10"><span class='ocrx_word' id='word_1_454' title='bbox 343 2928 376 2971; x_wconf 85' lang='grc'><em>1)</em></span> <span class='ocrx_word' id='word_1_455' title='bbox 403 2928 469 2962; x_wconf 74' lang='lat' dir='ltr'><em>Die</em></span> <span class='ocrx_word' id='word_1_456' title='bbox 494 2928 622 2962; x_wconf 69' lang='lat' dir='ltr'><em>Lesarb</em></span> <span class='ocrx_word' id='word_1_457' title='bbox 646 2927 695 2961; x_wconf 70' lang='lat' dir='ltr'><em>ist</em></span> <span class='ocrx_word' id='word_1_458' title='bbox 720 2927 823 2961; x_wconf 68' lang='lat' dir='ltr'><em>nieht</em></span> <span class='ocrx_word' id='word_1_459' title='bbox 848 2927 979 2967; x_wconf 83' lang='lat' dir='ltr'><em>sicher;</em></span> <span class='ocrx_word' id='word_1_460' title='bbox 1006 2927 1194 2963; x_wconf 74' lang='lat' dir='ltr'><em>vielleichb</em></span> <span class='ocrx_word' id='word_1_461' title='bbox 1217 2927 1265 2961; x_wconf 68' lang='lat' dir='ltr'><em>ish</em></span> <span class='ocrx_word' id='word_1_462' title='bbox 1289 2927 1331 2960; x_wconf 85' lang='lat' dir='ltr'><em>ai</em></span> <span class='ocrx_word' id='word_1_463' title='bbox 1354 2939 1398 2961; x_wconf 90' lang='lat' dir='ltr'><em>zu</em></span> <span class='ocrx_word' id='word_1_464' title='bbox 1420 2937 1447 2960; x_wconf 89' lang='lat' dir='ltr'><em>u</em></span> <span class='ocrx_word' id='word_1_465' title='bbox 1472 2925 1673 2970; x_wconf 75' lang='lat' dir='ltr'><em>oorrigierh.</em></span> 
     </span>
    </p>
   </div>
  </div>
 </body>
</html>
