2164 3406
202 872 243 906 10

203 1199 244 1232 123

266 168 317 207 84
1014 160 1258 206 Hegemonius

268 276 349 316 tius
382 275 596 322 extitisset,
630 288 677 314 eo
711 274 822 326 quod
848 272 1075 314 incolumes
1107 288 1194 314 esse
1224 274 1299 313 hos
1330 276 1370 313 et
1399 276 1508 314 recte
1530 287 1577 313 ac
1597 287 1792 326 prospere
1824 276 1992 326 agentes

268 341 407 381 omnia
437 341 681 389 nuntiasset,
714 340 887 392 dignum
921 339 1111 392 protinus
1148 339 1285 392 potuit
1317 338 1524 391 excepisse
1561 338 1821 392 supplicium.
1880 337 1993 387 Quae

269 407 379 447 enim
420 409 506 446 erat
548 419 644 446 cura
686 405 767 445 alia
798 406 921 458 regis,
963 404 1064 445 belli
1093 406 1308 445 dumtaxat
1337 406 1532 457 tempore,
1563 405 1644 444 nisi
1672 404 1993 457 provincialium

269 471 390 521 salus,
432 472 513 512 nisi
554 472 772 524 dispositio
812 471 871 510 rei
912 469 1131 511 militaris?
1189 469 1253 510 Ita
1294 472 1333 509 et
1375 470 1541 510 domino
1583 484 1675 510 meo
1706 469 1799 510 Iesu
1830 469 1993 513 Christo
2019 473 2042 507 9

267 538 472 591 pugnanti
519 539 735 577 adversum
776 536 989 588 passiones
1032 549 1136 588 quae
1177 534 1383 588 profunda
1421 536 1625 576 viscerum
1667 535 1914 576 obsederant
1956 541 1995 576 et

269 603 429 643 curanti
459 617 527 642 eos
560 603 631 655 qui
661 601 793 642 multo
823 603 1010 654 tempore
1039 601 1165 641 variis
1196 601 1507 641 infirmitatibus
1538 601 1703 641 fuerant
1739 602 1919 642 devincti
1957 605 1996 642 et

268 668 466 709 inclinato
498 668 610 708 omni
646 668 739 708 nisu
778 681 852 719 pro
883 666 1015 707 salute
1045 667 1344 716 universitatis,
1374 665 1444 706 ille
1475 667 1644 707 nuntius
1674 667 1896 719 inportune
1926 669 1995 708 ad-

268 734 434 774 veniens
466 735 514 773 de
544 736 675 773 matre
706 737 746 774 et
766 733 964 773 fratribus
985 733 1202 773 nuntiavit.
1244 732 1299 772 Et
1325 732 1462 785 potuit
1484 733 1651 785 quidem
1673 732 1851 773 similem
1874 732 1995 773 Petro

268 801 338 839 aut
369 799 492 839 etiam
529 800 761 852 graviorem
799 799 1007 851 excepisse
1037 799 1300 847 sententiam3
1332 799 1403 838 sed
1422 798 1566 839 matris
1598 801 1638 838 et
1667 799 1841 839 fratrum
1871 799 1997 839 inter-

268 865 420 905 iectum
452 879 603 904 nomen
633 864 896 905 clementiam
927 864 1084 904 domini
1113 865 1364 916 provocavit.

377 929 513 971 LVIII
543 929 717 982 (XLIX).
776 930 856 971 Sed
887 932 927 969 et
952 929 1130 982 amplius
1161 930 1293 970 adhuc
1323 930 1515 970 omnibus
1543 931 1759 970 ostendere
1790 930 1922 982 cupio,
1952 933 1998 970 ut

270 999 498 1049 agnoscant
532 996 714 1036 universi
750 995 929 1036 adsertio
967 997 1038 1035 tua
1069 997 1270 1048 quantun]
1305 996 1347 1035 in
1385 1010 1427 1035 se
1456 996 1668 1049 inpietatis
1699 996 1895 1036 obtineat.
1954 995 1998 1035 Si

270 1062 389 1111 enim,
421 1063 646 1102 secundum
678 1062 788 1114 quod
818 1064 863 1102 tu
895 1061 1010 1110 dicis,
1041 1075 1124 1101 non
1146 1063 1208 1101 est
1236 1063 1369 1111 natus,
1400 1062 1486 1101 sine
1509 1062 1635 1102 dubio
1657 1075 1732 1102 nec
1750 1076 1896 1114 passus
1919 1063 1995 1104 est:

269 1128 355 1179 pati
387 1128 495 1168 enim
527 1141 619 1167 eum
651 1128 721 1180 qui
752 1130 872 1167 natus
903 1141 985 1167 non
1016 1129 1077 1167 est
1106 1126 1349 1179 inpossibile
1380 1130 1450 1167 est.
1501 1126 1620 1175 Quod
1647 1128 1682 1168 si
1707 1142 1789 1167 non
1813 1130 1875 1167 est
1904 1141 1996 1180 pas-

270 1208 349 1243 sus,
393 1194 525 1233 crucis
567 1206 717 1233 nomen
761 1193 955 1233 aufertur.
1014 1191 1144 1233 Cruce
1175 1194 1313 1232 autem
1343 1207 1425 1232 non
1455 1195 1665 1246 suscepta,
1696 1207 1771 1234 nec
1801 1192 1915 1234 Iesus
1948 1208 1995 1233 ex

269 1259 443 1299 mortuis
474 1258 706 1299 resurrexit.
765 1257 884 1306 Quod
915 1258 950 1299 si
979 1257 1094 1298 Iesus
1125 1272 1173 1297 ex
1202 1258 1378 1298 mortuis
1408 1273 1490 1298 non
1518 1259 1751 1305 resurrexit,
1784 1273 1859 1299 nec
1890 1258 1994 1299 alius

270 1324 420 1377 aliquis
456 1328 652 1377 resurget.
712 1323 831 1372 Quod
867 1325 902 1365 si
938 1323 1076 1364 nullus
1106 1326 1310 1376 resurget,
1348 1338 1423 1364 nec
1452 1324 1652 1364 iudicium
1683 1325 1771 1365 erit.
1829 1323 1997 1365 Certum

270 1392 331 1430 est
361 1391 471 1430 enim
502 1390 609 1443 quia,
640 1390 675 1430 si
704 1404 787 1430 non
808 1402 1032 1442 resurgam,
1063 1403 1139 1430 nec
1168 1390 1335 1430 iudicer.
1385 1389 1505 1438 Quod
1526 1391 1560 1431 si
1581 1390 1781 1430 iudicium
1803 1404 1885 1430 non
1910 1390 1997 1439 erit,

270 1455 423 1496 frustra
459 1457 536 1496 erit
571 1456 805 1496 observatio
842 1457 1133 1495 mandatorum
1164 1456 1246 1507 dei3
1284 1455 1423 1496 nullus
1460 1455 1734 1497 abstinentiae
1770 1455 1885 1496 locus
1917 1458 1996 1506 est3

2022 1198 2044 1231 [θ

231 1530 237 1563 ζ
273 1524 554 1562 manducemus
584 1527 616 1561 et
646 1524 845 1571 bibamus,
882 1536 968 1562 eras
1003 1525 1107 1562 enim
1136 1525 1362 1563 moriemur.
1422 1520 1536 1562 Haec
1577 1524 1714 1561 autem
1756 1522 1895 1562 omnia
1931 1536 1996 1562 co·
2023 1525 2046 1560 3

270 1587 411 1636 nectis,
442 1599 598 1639 negans
628 1587 670 1626 id
702 1588 812 1640 quod
844 1588 892 1627 de
923 1587 1055 1627 Maria
1075 1589 1196 1628 natus
1224 1590 1301 1638 est3
1331 1587 1496 1628 sienim
1523 1587 1734 1628 confessus
1757 1602 1850 1627 eum
1871 1587 1997 1627 fueris

272 1654 321 1692 de
350 1653 483 1693 Maria
512 1655 667 1701 natum,
700 1655 740 1693 et
769 1653 907 1706 passio
939 1654 1215 1706 subsequatur
1243 1667 1410 1694 necesse
1438 1655 1500 1694 est
1530 1656 1570 1693 et
1599 1653 1833 1705 passionem
1865 1667 1998 1694 resur-

272 1719 399 1759 rectio
442 1720 481 1758 et
516 1721 858 1759 resurrectionem
892 1719 1093 1759 iudicium
1130 1721 1169 1759 et
1199 1719 1313 1759 salva
1342 1720 1424 1759 iam
1454 1719 1574 1759 nobis
1614 1721 1732 1759 erunt
1770 1719 1998 1771 scripturae

274 1787 503 1836 praecepta.
546 1783 643 1825 Non
664 1797 763 1837 ergo
794 1785 877 1824 iam
906 1800 989 1825 una
1019 1788 1080 1825 est
1111 1786 1315 1838 quaestio,
1348 1787 1419 1826 sed
1449 1785 1652 1838 plurimae
1681 1785 1723 1824 in
1754 1785 1832 1824 hoc
1861 1784 1997 1824 verbo.

274 1848 389 1890 Sicut
420 1850 529 1890 enim
561 1851 694 1891 omnis
725 1850 789 1890 lex
822 1853 861 1891 et
890 1850 1134 1904 prophetiae
1164 1851 1206 1890 in
1228 1850 1388 1891 duobus
1419 1851 1678 1891 sermonibus
1710 1852 1911 1900 constant,
1940 1850 1999 1889 ita
2025 1854 2048 1888 4

274 1915 398 1955 etiam
428 1918 570 1956 nostra
601 1916 734 1957 omnis
772 1931 865 1969 spes
900 1917 943 1956 in
979 1916 1121 1957 beatae
1151 1917 1308 1956 Mariae
1337 1919 1459 1968 partu
1490 1929 1686 1969 suspensa
1716 1919 1793 1964 est;
1831 1918 1870 1956 et
1905 1916 1999 1955 ideo

274 1983 475 2033 responde
527 1981 630 2021 mihi
679 1984 730 2022 ad
783 1981 948 2035 singula
1008 1996 1112 2035 quae
1163 1985 1203 2022 te
1258 1981 1536 2035 interrogabo.
1623 1981 1713 2030 Quo
1774 1982 2000 2022 abiciemus

274 2049 409 2087 tantas
441 2049 480 2087 et
509 2046 612 2087 tales
643 2047 822 2099 apostoli
852 2062 985 2098 voces,
1017 2062 1121 2101 quae
1152 2048 1311 2089 dicunt:
1336 2047 1439 2088 Cum
1468 2054 1599 2087 autem
1627 2050 1707 2098 fuit
1735 2051 1795 2088 clei
1821 2050 2002 2087 voluntas

276 2116 317 2152 in
347 2115 470 2161 nobis,
500 2116 612 2152 misit
638 2116 768 2164 filium
801 2129 921 2154 swam
950 2117 1098 2165 filetum
1127 2129 1173 2154 ea:
1200 2117 1392 2154 muliere?
1449 2112 1504 2153 Et
1532 2113 1699 2154 iterum:
1730 2116 1882 2153 Pascha
1910 2128 2000 2153 nos-
2027 2120 2049 2155 5

236 2184 240 2217 ζ
276 2185 377 2218 trum
408 2182 623 2218 immolatus
653 2185 706 2218 est
742 2182 936 2221 Christus.
985 2179 1041 2220 Et
1071 2180 1182 2233 quia:
1204 2183 1315 2220 Deus
1345 2187 1380 2219 et
1406 2182 1614 2219 dominum
1640 2181 1839 2219 suscitavit
1867 2185 1902 2219 et
1927 2193 2002 2218 nos

275 2259 363 2284 cum
391 2247 457 2284 illo
488 2247 691 2284 suscitabit
711 2260 784 2296 per
812 2249 994 2286 virtutem
1022 2261 1148 2286 suam.
1204 2244 1258 2285 Et
1299 2244 1380 2285 alia
1420 2244 1551 2285 multa
1592 2245 1656 2285 his
1698 2243 1851 2285 similia
1891 2244 2002 2284 dicta

275 2312 380 2360 sunt,
411 2313 456 2350 ut
487 2313 547 2351 est
576 2309 699 2352 illud:
734 2314 934 2359 Quomodo
961 2315 1096 2352 dicunt
1121 2314 1281 2363 quidam
1311 2315 1354 2351 in
1384 2313 1490 2351 vobis
1519 2314 1613 2363 quia
1641 2313 1867 2351 resurrectio
1896 2324 2001 2350 mor-

276 2382 435 2415 tuorum
463 2391 543 2416 non.
574 2381 655 2417 est?
700 2379 746 2418 Sa·
774 2380 881 2417 enim
909 2381 1135 2418 resurrectio
1164 2383 1413 2417 mortuorum
1442 2392 1524 2417 non
1553 2383 1619 2425 est,
1649 2391 1716 2416 nec
1741 2378 1923 2416 Christus
1944 2391 2000 2415 re-
2027 2381 2050 2414 6

389 2496 438 2530 1Ιί
464 2496 526 2538 rol.
552 2496 568 2528 I
592 2496 676 2530 Kor.
704 2497 745 2531 15
780 2516 822 2520 —
863 2497 914 2530 20
938 2496 953 2528 Ι
978 2497 1063 2530 Kor.
1096 2498 1149 2538 15,
1173 2496 1216 2529 32
1252 2516 1294 2519 —
1332 2496 1381 2530 28
1409 2495 1487 2530 Gal.
1512 2497 1543 2538 4,
1568 2498 1590 2529 4
1620 2514 1663 2519 —
1700 2496 1750 2529 29
1776 2495 1791 2527 Ι
1817 2495 1899 2529 Kor.
1925 2497 1955 2537 5,
1982 2495 2001 2528 7

275 2570 317 2575 ——
343 2551 394 2585 30
419 2551 434 2583 I
460 2551 542 2585 Kor.
569 2553 599 2594 6,
626 2554 667 2586 14
692 2572 733 2576 —
761 2553 810 2587 32
838 2553 852 2585 l
878 2552 961 2588 Kor.
988 2554 1038 2592 15,
1060 2552 1191 2587 12-20

391 2650 463 2685 GM

390 2750 413 2783 4
442 2749 575 2784 christo
601 2756 644 2787 <
668 2750 712 2784 M
739 2751 742 2794 Ι
778 2751 800 2785 5
826 2750 995 2784 aduersus
1020 2751 1065 2784 M
1091 2752 1095 2793 Ι
1131 2751 1148 2785 7
1179 2750 1272 2784 nisui
1302 2751 1331 2784 G
1364 2751 1368 2792 Ι
1403 2750 1451 2784 18
1477 2749 1506 2783 si
1532 2749 1637 2793 (nack
1655 2748 1751 2793 quia)
1777 2755 1819 2786 <
1849 2749 1879 2783 O
1913 2750 1917 2792 Ι
1952 2749 2001 2783 22

278 2804 526 2849 subsequatur]
565 2806 629 2840 sub
666 2818 698 2840 α.
725 2807 810 2841 Has.
853 2807 883 2841 O
922 2806 928 2850 Ι
973 2807 1023 2841 24
1059 2806 1145 2850 una]
1172 2817 1268 2840 uana
1296 2806 1326 2841 Ο
1367 2806 1371 2849 Ι
1414 2804 1570 2849 plurima
1598 2805 1627 2839 O
1667 2806 1671 2848 Ι
1716 2805 1766 2840 25
1799 2805 1941 2839 constat
1964 2804 2009 2837 M

279 2862 280 2902 ᾖ
323 2861 373 2894 2Ιῖ
398 2862 520 2905 partus
550 2862 580 2896 O
619 2862 623 2905 Ι
669 2850 717 2896 '31
745 2863 935 2897 suscitauit
963 2862 1036 2897 OM
1062 2862 1067 2905 Ι
1101 2863 1150 2896 32
1176 2862 1280 2896 nobis
1302 2862 1332 2896 Ο
1372 2864 1375 2905 Ι
1421 2861 1471 2895 33
1496 2872 1570 2894 non
1595 2861 1649 2895 est
1672 2860 1885 2895 resurrectio
1910 2872 2002 2895 mor-

278 2917 421 2949 tuorum
447 2916 490 2950 M
528 2918 532 2960 Ι
575 2918 654 2962 nec]
677 2918 791 2961 ylev'elz
815 2930 883 2952 aus
907 2931 980 2953 non
1005 2930 1093 2954 corr.
1123 2918 1171 2953 Ol
