2164 3406
694 138 784 171 Acta
811 137 979 171 Archelai
1003 137 1202 172 xxxvlll.
1228 138 1389 172 XXXIX.
1862 145 1912 182 57

180 265 276 302 quae
307 254 349 290 in
385 253 542 292 Christo
573 256 638 289 est.
700 250 746 289 Se*
785 253 890 290 enim
934 253 968 290 is
1009 254 1079 302 qui
1122 254 1221 291 zwnit
1261 254 1384 291 alium
1417 253 1545 291 Iesum
1574 254 1770 302 praedicat
1801 268 1911 304 quem

182 332 261 357 non
282 318 612 368 praediaveinzus,
643 323 711 355 aut
743 319 927 367 spiritum.
957 319 1081 357 alium
1113 320 1332 368 acceperitis
1362 331 1472 368 quem
1507 331 1587 356 non
1607 321 1817 369 accepistis.
1847 326 1915 359 aul

180 385 291 423 aliud
319 383 563 433 euanyelimn
603 384 702 433 quod
742 396 819 422 non
863 385 1079 433 accepistis,
1121 386 1209 423 benc
1244 386 1491 434 Jntleremini.
1550 386 1652 424 Puto
1683 388 1786 424 enim
1820 388 1911 436 quia

181 449 283 489 nihil
310 451 447 488 minus
475 450 550 498 feci
578 450 684 488 robis
709 463 733 488 α
761 451 893 488 ceteris
922 451 1119 500 apostolis.

289 513 462 554 XXXIX
495 512 695 565 (XXXV).
743 513 859 554 Haec
890 517 1028 554 autem
1058 514 1173 564 dixit,
1204 517 1424 557 ostendens
1456 530 1598 558 omnes
1629 517 1811 570 reliquos
1843 519 1914 571 qui

178 582 365 623 venerint
393 579 520 621 falsos
550 579 773 633 apostolos,
805 579 969 621 dolosos
1000 581 1226 633 operarios‚
1263 582 1606 636 transfigurantes
1648 598 1690 625 se
1732 585 1774 625 in
1817 599 1913 638 apo-

177 646 307 689 stolos
345 646 508 689 Christi.
567 650 619 686 Et
653 661 729 686 non
769 650 930 689 nn'runi,
980 650 1058 698 ipse
1088 649 1193 687 enini
1228 649 1398 689 Satanas
1440 653 1699 701 transfiyurat
1738 667 1776 691 sc
1819 655 1915 691 velut

177 716 357 765 anyeluin
391 715 500 753 lueis.
563 714 670 759 Quid
703 727 790 764 eryo
823 728 1022 764 maynunz,
1051 716 1089 752 si
1122 719 1155 753 et
1187 716 1365 755 ministri
1393 719 1478 756 eius
1509 719 1841 769 transfiqmentur
1872 721 1911 757 in

179 782 384 819 ministros
425 781 627 818 iustitiae?
675 793 847 830 quorum
887 781 985 830 finis
1028 782 1099 819 erit
1139 782 1353 820 secundum.
1395 796 1510 833 opera
1546 797 1693 823 eorum.
1752 782 1914 824 Iudicat

110 850 153 885 10
177 847 315 885 autem
347 843 489 898 quales
527 847 665 884 essent
698 844 728 883 ii
758 859 782 884 a
812 843 962 898 quibus
995 843 1436 887 circumveniebantur.
1496 847 1743 889 Volentibus
1775 852 1912 889 autem

179 908 338 950 Galatis
369 911 419 950 ab
451 909 668 963 euangelio
699 909 915 951 transferri
957 909 1074 950 dicit:
1114 914 1242 951 Miror
1276 915 1374 963 quod
1407 915 1463 952 sie.
1499 919 1575 953 tam
1607 917 1678 954 cito
1711 918 1912 965 transferi-

177 979 281 1017 mini
308 978 355 1016 ab
386 990 428 1018 eo
459 979 530 1026 qui
560 979 705 1016 vocavit
734 991 799 1016 ros
828 979 872 1016 >in
901 979 1012 1016 aliud
1039 980 1305 1028 euanqeliunz,
1338 982 1441 1030 quod
1471 994 1548 1020 non
1580 986 1635 1020 est
1663 983 1796 1027 aliud,·
1833 985 1914 1021 nisi

175 1048 272 1082 sunt
299 1045 370 1094 qui
397 1057 464 1082 vos
493 1045 726 1082 conturbant
759 1048 793 1082 ct
824 1046 959 1083 volunt
996 1049 1159 1083 avertere
1202 1058 1264 1083 ros
1298 1047 1344 1084 ab
1380 1048 1580 1096 euanyelio
1617 1049 1776 1087 Christi.
1839 1049 1914 1087 Sed

174 1111 292 1148 etiam
332 1110 369 1148 si
409 1123 482 1148 nos
523 1111 601 1160 ipsi
640 1115 709 1148 aut
749 1111 910 1159 anyelus
950 1111 994 1148 de
1029 1111 1129 1149 caelo
1169 1112 1274 1149 cobis
1307 1113 1602 1152 adnuntiaverit
1638 1120 1910 1165 praeterquam

109 1180 151 1214 15
175 1176 281 1226 quod
301 1177 490 1215 traditum
513 1181 568 1215 est
590 1177 705 1223 robis,
737 1177 944 1214 anatliema
965 1178 1025 1214 sit.
1072 1173 1128 1215 Et
1148 1190 1312 1216 rursum
1340 1176 1412 1217 ait:
1443 1180 1547 1218 Mihi
1566 1181 1708 1230 infimo
1730 1183 1908 1220 omnium

174 1242 438 1292 apostolorum
470 1243 558 1280 data
589 1247 645 1280 est
670 1243 799 1291 qratia
828 1243 931 1280 llaec.
986 1243 1092 1288 Qum
1122 1244 1229 1282 enim
1258 1245 1412 1283 deerant
1438 1246 1736 1285 tribulationum
1765 1248 1913 1286 Christi

177 1309 220 1346 in
247 1320 361 1346 carne
393 1321 475 1347 mea
505 1309 695 1358 adinpleo.
754 1305 810 1346 Et
848 1306 891 1346 in
932 1305 1012 1348 alio
1050 1321 1212 1347 rursum
1243 1307 1335 1349 loeo
1378 1309 1613 1361 profitetur,
1658 1312 1753 1364 quia
1796 1327 1912 1363 super

174 1379 312 1413 ceteros
345 1374 494 1413 Clu-isti
530 1375 709 1413 minister
743 1375 813 1421 sit,
854 1374 1068 1426 tamquam
1111 1373 1146 1413 si
1186 1377 1333 1426 postea
1375 1375 1543 1416 omnino
1586 1391 1670 1418 non
1711 1378 1765 1418 sit
1806 1378 1910 1419 alius

175 1440 470 1492 expectandus:
499 1438 616 1480 iubet
646 1438 755 1480 enim
785 1452 920 1492 neque
950 1438 1147 1493 angelum
1179 1441 1227 1480 de
1259 1440 1372 1481 caelo
1404 1441 1570 1494 suscipi.
1619 1443 1674 1484 Et
1701 1445 1909 1497 quomodo

107 1511 151 1546 20
175 1506 225 1545 de
255 1504 427 1546 Persida
454 1505 690 1546 venientem
719 1505 870 1546 Manen
907 1507 948 1545 et
983 1505 1188 1546 dicentem
1223 1520 1266 1547 se
1303 1520 1390 1547 esse
1420 1507 1674 1560 paracletum
1711 1523 1786 1550 nos
1823 1523 1911 1550 esse

176 1572 416 1612 credamus?
463 1570 528 1612 Ita
558 1572 667 1612 enim
698 1584 879 1625 agnosco
918 1585 966 1611 ex
1002 1571 1099 1621 hoc,
1141 1573 1251 1625 quod
1292 1587 1400 1613 unus
1443 1573 1521 1614 iste
1563 1574 1617 1614 sit
1647 1589 1695 1615 ex
1724 1574 1808 1615 illis
1839 1576 1911 1628 qui

175 1637 541 1688 transformantur,
573 1639 623 1678 de
654 1637 805 1691 quibus
834 1637 1054 1678 manifeste
1083 1637 1284 1679 indicavit
1312 1637 1432 1680 nobis
1463 1653 1535 1680 vas
1566 1639 1780 1682 electionis
1813 1655 1910 1694 apo-

174 1703 306 1744 stolus
335 1702 492 1744 Paulus
523 1703 681 1745 dicens:
728 1706 829 1751 Quia
865 1706 907 1744 in
946 1706 1178 1744 novissimis
1221 1707 1455 1756 temporibus
1490 1709 1660 1747 «recedent
1696 1710 1854 1759 quidam
1887 1724 1908 1747 a

172 1771 261 1821 fide,
291 1772 534 1810 adtendentes
564 1772 769 1821 spiritibus
798 1772 1064 1811 seductoribus
1093 1777 1127 1811 ct
1155 1773 1342 1811 doctrinis
1371 1773 1686 1822 claenzoniorum,
1719 1776 1761 1814 in,
1790 1777 1908 1825 hypo-

106 1839 150 1875 25
173 1838 268 1876 crisi
295 1838 498 1876 mendacia
527 1837 740 1887 loquentes,
781 1839 1035 1876 cauteriatam·
1074 1839 1253 1877 habentes
1286 1841 1581 1889 conscientia-m,
1614 1842 1908 1890 prohibentium

175 1904 331 1951 nubere,
372 1904 562 1942 abstinere
591 1917 630 1941 se
659 1916 683 1941 a
711 1904 825 1952 cibis,
869 1917 966 1952 quos
1001 1905 1096 1942 deus
1125 1905 1267 1943 crearit
1299 1905 1350 1943 ad
1375 1907 1672 1955 percipiendum
1701 1920 1790 1946 cum
1819 1921 1910 1957 yra-

175 1970 322 2007 tz'arum
351 1971 500 2008 actione
527 1969 707 2018 fidelibus
747 1974 782 2008 ct
815 1971 879 2008 liis
909 1971 979 2020 qui
1006 1975 1269 2019 coynorerunt
1294 1973 1510 2020 veritatem;
1551 1974 1741 2022 quoniam
1782 1977 1911 2012 omnis

173 2040 352 2073 creatura
380 2036 441 2073 dei
469 2035 569 2073 bona
598 2039 653 2073 est
680 2039 716 2073 et
744 2036 846 2074 nili-il
872 2036 1119 2074 abiciendum
1147 2037 1252 2085 quod
1279 2049 1366 2075 cum
1395 2039 1619 2087 mattarum
1647 2041 1796 2078 actione
1819 2053 1909 2089 per-

173 2102 329 2151 cipitur.
377 2098 459 2139 Sed
480 2101 520 2139 et
549 2101 716 2139 sanetus
737 2098 995 2153 euangelista
1016 2099 1208 2142 Matheus
1239 2101 1461 2155 diligenter
1480 2101 1732 2155 significavit
1753 2103 1909 2145 domini

105 2168 151 2202 30
174 2165 307 2206 nostri
334 2165 429 2206 Iesu
461 2163 615 2205 Christi
644 2178 894 2206 sermonem:
946 2168 1073 2207 Videte-
1114 2182 1159 2207 nc
1200 2171 1293 2219 quis
1332 2182 1401 2207 vos
1441 2170 1611 2217 seducat;
1653 2172 1770 2209 multi
1804 2173 1909 2210 enim

133 520 153 553 01

290 2297 306 2331 ἶ
335 2296 369 2329 Π
393 2296 477 2330 Kor.
503 2298 556 2339 11,
583 2298 634 2331 14.
661 2298 702 2331 15
730 2316 771 2319 —
797 2295 845 2331 11
873 2296 952 2331 Gal.
979 2299 1009 2339 1,
1034 2296 1183 2332 6—8—
1210 2299 1258 2333 15
1284 2298 1414 2343 Ephes.
1439 2300 1470 2338 3,
1494 2299 1526 2334 S.
1557 2298 1638 2334 Kol.
1666 2302 1695 2341 1,
1721 2300 1764 2334 24
1789 2320 1831 2324 -
1857 2301 1904 2335 17

173 2352 206 2386 ΙΙ
231 2352 315 2388 Kor.
341 2354 395 2395 11,
421 2354 464 2388 ‘23
488 2373 531 2377 —
558 2353 609 2388 23
634 2353 650 2386 Ι
674 2352 763 2386 Tim.
789 2355 820 2395 4,
847 2355 936 2387 1—4
959 2373 1003 2377 —
1029 2354 1080 2388 30
1105 2354 1237 2388 Matth.
1263 2355 1316 2395 24,
1340 2356 1372 2388 4.
1399 2357 1418 2389 5

291 2462 362 2496 CM

288 2574 308 2608 1
335 2573 378 2617 is]
392 2572 436 2607 iis
455 2573 608 2608 ChisM
635 2575 641 2618 Ι
669 2575 730 2617 1s2
745 2575 933 2620 praedicat
949 2587 1056 2620 quem
1073 2583 1203 2614 non<
1223 2575 1252 2610 Ο
1275 2576 1279 2618 Ι
1313 2577 1335 2610 2
1362 2575 1526 2621 spiritum
1545 2576 1656 2610 alium
1682 2576 1903 2621 acceperitis]

174 2629 288 2663 alium
311 2629 478 2674 spiritum
502 2629 664 2675 accipitis
688 2631 734 2665 Μ
759 2632 764 2674 Ι
805 2632 828 2666 3
854 2632 965 2666 alium
996 2632 1026 2666 C
1053 2632 1057 2675 Ι
1090 2630 1280 2676 accepistis
1302 2631 1410 2676 bene]
1435 2632 1620 2677 recepistis
1645 2634 1742 2667 reete
1767 2633 1811 2667 M
1838 2634 1843 2674 Ι
1883 2634 1905 2668 8

173 2685 359 2730 magnum]
386 2684 518 2720 mirum
541 2686 588 2720 M
625 2687 631 2730 Ι
675 2687 699 2722 9
724 2687 921 2732 ministros]
947 2688 1108 2722 ministri
1137 2688 1209 2723 GM
1248 2689 1253 2732 Ι
1297 2688 1432 2731 eorum]
1459 2688 1618 2732 ipsorum
1642 2688 1686 2722 M
1713 2689 1719 2731 1
1754 2690 1804 2723 10
1828 2688 1854 2722 ii
1871 2689 1902 2731 a]

171 2740 226 2775 ita
253 2741 282 2776 Ο
303 2741 357 2776 hii
381 2753 403 2776 a
426 2741 471 2775 M
509 2741 515 2786 Ι
559 2743 692 2786 autem]
720 2743 815 2777 enim
840 2743 886 2777 M
923 2745 928 2787 Ι
974 2745 1021 2779 11
1061 2744 1221 2789 gaiathis
1249 2743 1324 2778 GM
1361 2745 1366 2784 Ι
1408 2743 1692 2778 transferremini
1737 2744 1767 2778 C
1806 2745 1810 2787 Ι
1855 2745 1904 2779 16

172 2796 297 2832 deerat
324 2797 398 2832 OM
435 2799 441 2841 Ι
486 2798 533 2833 l?
573 2799 727 2842 rursum]
763 2811 840 2833 rurs
865 2811 898 2833 a.
924 2799 1011 2834 Ras.
1041 2799 1071 2834 G
1111 2801 1116 2843 Ι
1162 2800 1211 2834 18
1249 2799 1297 2833 sit
1331 2799 1435 2844 (nach
1462 2798 1638 2843 minister)
1663 2806 1706 2837 <
1736 2800 1766 2834 O
1804 2801 1808 2843 Ι
1854 2800 1905 2834 20

172 2863 304 2887 manen
328 2853 376 2896 et]
402 2855 527 2888 monet
555 2853 586 2888 Ο
623 2855 629 2898 Ι
674 2855 722 2890 21
749 2855 815 2899 ita]
841 2855 915 2890 iam
939 2856 985 2889 M
1011 2857 1016 2897 Ι
1050 2857 1100 2891 22
1125 2855 1304 2890 indicavit
1327 2855 1431 2890 nobis
1455 2868 1500 2886 cx>-
1531 2855 1561 2889 C
1588 2856 1591 2898 Ι
1626 2856 1676 2890 2ss
1703 2855 1807 2899 quos]
1833 2867 1904 2899 quo

179 2907 209 2942 G
235 2909 240 2951 Ι
274 2908 556 2953 percipiendum]
582 2910 839 2954 perficiendum
869 2911 898 2946 C
938 2913 942 2955 Ι
985 2911 1035 2946 29
1061 2911 1217 2954 sanetus]
1245 2910 1389 2955 spiritus
1419 2911 1447 2944 C

1939 857 1961 891 2

1937 1185 1960 1219 3

1937 1452 1960 1486 4

1935 1718 1957 1753 ὐἱ

1934 2108 1957 2141 6
