2164 3406
282 175 330 212 232
1026 166 1269 211 Hegemonius

283 281 374 333 quis
405 279 588 332 aequalis
619 278 655 320 ei
686 293 772 320 esse
804 278 972 332 poterit;
1005 281 1045 319 et
1073 277 1166 318 ideo
1198 289 1274 330 ego
1304 277 1417 317 vocis
1448 277 1534 317 eius
1554 277 1633 317 tibi
1652 277 1889 319 testimonia
1910 292 2003 331 pro-

282 347 421 395 feram,
452 346 633 399 primum
656 344 823 398 quidem
845 343 1074 385 dissolvens
1108 343 1208 383 haec
1239 357 1344 396 quae
1365 358 1387 382 a
1407 346 1447 383 te
1469 343 1579 383 dicta
1600 345 1704 392 sunt,
1729 343 1790 383 uti
1821 358 1871 383 ne
1893 344 2005 383 dicas

283 412 479 465 quoniam
508 425 584 452 nec
613 410 689 451 sibi
730 410 809 463 ipsi
847 406 1095 458 cousonant3
1135 411 1181 449 ut
1211 411 1272 448 est
1302 408 1380 448 tibi
1410 410 1664 449 consuetudo
1696 409 1871 450 dicendi.
1933 408 2005 449 Ais

283 478 390 518 enim
423 477 520 530 quia
551 491 643 516 eum
675 475 746 529 qui
775 476 1038 516 nuntiaverat
1069 475 1105 514 ei
1125 474 1174 514 de
1204 476 1334 514 matre
1356 476 1426 513 aut
1448 475 1496 513 de
1517 473 1712 514 fratribus
1733 474 2007 527 increpaverit

282 543 395 584 Iesus
427 543 545 595 quasi
575 541 788 582 fallentem
822 542 1046 581 secundum
1077 541 1121 580 id
1152 541 1264 592 quod
1294 539 1538 591 scriptorem
1567 539 1724 579 fefellit.
1783 538 1930 593 Neque
1970 540 2006 579 is

285 609 355 662 qui
400 607 659 648 adnuntiavit
701 606 737 647 ei
767 608 816 646 de
857 608 987 646 matre
1019 607 1059 645 et
1099 605 1297 645 fratribus
1332 603 1569 657 increpatus
1606 607 1667 645 est
1697 619 1829 658 neque
1859 604 2005 645 Petrus

283 689 407 727 supra
435 673 555 713 illum
586 672 698 713 solus
729 671 989 712 beatificatus
1021 673 1099 722 est3
1131 672 1201 710 sed
1230 672 1404 723 uterque
1435 671 1485 710 ab
1517 684 1563 710 eo
1586 670 1753 722 dignam
1774 670 2006 722 responsio-

283 754 376 780 nem
407 739 576 792 propria
605 737 931 790 interrogatione
952 736 1146 789 percepit,
1178 736 1284 778 sicut
1303 735 1346 775 in
1368 735 1716 788 consequentibus
1738 750 1871 776 sermo
1893 749 2008 776 mon-

284 804 441 845 strabit.
491 803 595 844 Cum
618 803 708 856 quis
736 802 931 855 parvulus
962 805 1032 852 est,
1063 802 1220 854 cogitat
1241 801 1347 841 sicut
1366 801 1572 854 parvulus,
1603 801 1710 854 sapit
1729 804 1776 841 ut
1795 800 2008 854 parvulus:

285 885 377 911 cum
409 872 546 910 autem
581 869 789 922 perfectus
821 867 946 908 fuerit
975 867 1054 918 vir,
1096 867 1271 908 destruit
1301 882 1347 907 ea
1378 882 1482 920 quae
1518 869 1613 907 sunt
1642 865 1821 919 parvuli,
1862 866 1905 906 id
1936 870 2008 915 est,

285 939 381 976 dum
413 938 465 975 ad
493 934 632 988 priora
662 948 703 973 se
736 933 827 986 quis
859 933 1057 980 extendit,
1094 933 1365 974 obliviscatur
1396 947 1500 986 quae
1530 935 1624 986 post
1654 947 1696 973 se
1727 934 1834 972 sunt.
1888 931 2009 972 Unde

286 1001 452 1043 domino
484 1003 625 1041 nostro
656 998 749 1040 Iesu
780 997 945 1040 Christo
977 1000 1151 1039 docente
1182 1002 1222 1039 et
1254 1001 1422 1039 curante
1448 999 1675 1038 humanum
1709 1010 1848 1051 genus,
1878 997 1940 1036 uti
1960 1011 2011 1037 ne

285 1067 409 1108 simul
440 1065 580 1107 omnia
610 1065 852 1117 deperirent,
884 1078 1060 1117 cumque
1090 1064 1133 1103 in
1162 1064 1316 1105 talibus
1338 1063 1484 1105 studiis
1514 1077 1630 1104 mens
1652 1063 1834 1105 omnium
1856 1062 2012 1104 audito-

286 1146 376 1173 rum
408 1134 514 1172 esset
548 1132 725 1180 intenta,
760 1145 843 1171 non
881 1133 1083 1182 oportune
1122 1130 1332 1182 ingressus
1374 1130 1441 1170 hic
1481 1130 1649 1169 nuntius
1687 1131 1735 1169 de
1766 1132 1897 1168 matre
1925 1128 2010 1168 eius

243 1206 256 1210 '
286 1197 495 1251 suggessit
515 1211 562 1236 ac
582 1196 791 1236 fratribus.
823 1195 931 1244 Quid
952 1195 1087 1235 enim?
1119 1196 1261 1235 debuit
1283 1196 1407 1235 etiam
1428 1198 1468 1235 te
1488 1195 1578 1248 ipso
1598 1195 1807 1235 iudicante
1838 1193 2011 1234 derelin-

287 1278 411 1317 quere
448 1277 533 1312 eos,
577 1276 680 1315 quos
711 1262 882 1302 curabat
917 1263 956 1301 et
987 1274 1090 1313 quos
1122 1261 1351 1311 erudiebat,
1383 1263 1422 1301 et
1453 1275 1546 1301 cum
1575 1263 1705 1300 matre
1736 1274 1783 1300 ac
1813 1259 2009 1300 fratribus

287 1329 507 1381 conloqui?
566 1327 717 1369 Nonne
759 1327 955 1367 continuo
999 1328 1048 1366 de
1088 1327 1167 1367 hoc
1203 1326 1294 1379 ipso
1327 1326 1586 1367 detraheres?
1645 1325 1748 1366 Cum
1779 1326 1887 1365 enim
1916 1339 2010 1378 pec-

286 1394 366 1435 cati
397 1409 500 1435 onus
530 1395 822 1446 praegravatos
853 1394 903 1432 ad
933 1391 1227 1444 discipulatum
1265 1391 1412 1444 deligit
1444 1391 1660 1433 duodecim
1695 1405 1877 1438 numero,
1909 1405 2011 1444 quos

287 1463 326 1500 et
356 1459 567 1513 apostolos
604 1458 849 1507 nominavit⁷
882 1457 1022 1499 dicens
1060 1457 1134 1499 eis:
1166 1457 1453 1511 Derelinquite
1487 1460 1662 1498 matrem
1693 1461 1733 1498 et
1760 1459 1936 1510 patrem,
1966 1460 2011 1496 ut

286 1540 350 1565 me
384 1525 499 1577 digni
530 1524 780 1573 efficiamini,
808 1527 856 1564 ut
884 1523 993 1563 ultra
1022 1538 1106 1563 non
1135 1523 1268 1576 possit
1297 1522 1355 1564 eis
1385 1523 1584 1564 memoria
1612 1523 1742 1575 patris
1772 1525 1842 1563 aut
1870 1521 2012 1562 matris

287 1592 503 1632 robustum
539 1592 683 1642 pectus
712 1589 932 1630 inflectere.
990 1588 1046 1628 Et
1080 1588 1230 1629 iterum
1260 1588 1424 1630 volente
1460 1588 1541 1630 alio
1574 1590 1753 1642 quoda-m
1788 1588 1923 1628 dicere
1955 1587 2009 1627 ei:

287 1656 361 1697 Ibo
392 1659 432 1696 et
463 1655 658 1708 sepeliam
678 1658 838 1708 patrem
868 1668 1017 1705 meum,
1048 1655 1122 1695 ait:
1148 1657 1312 1695 Dimitte
1341 1661 1518 1695 mortuos
1538 1657 1694 1705 sepelire
1713 1664 1887 1694 mortuos
1906 1668 2010 1693 suos,

288 1722 451 1763 Intuere
483 1733 580 1774 ergo
604 1722 811 1774 quomodo
834 1720 1024 1761 dominus
1046 1734 1161 1760 meus
1191 1719 1305 1760 Iesus
1328 1722 1379 1760 ad
1404 1719 1634 1761 necessaria
1656 1718 1880 1772 discipulos
1901 1718 2010 1758 aedi-

288 1788 385 1828 ficat
415 1790 455 1827 et
476 1801 548 1839 pro
579 1786 735 1827 meritis
757 1785 981 1839 unicuique
1011 1789 1152 1827 sancta
1173 1786 1297 1826 verba
1318 1785 1551 1826 committit.
1601 1784 1663 1826 Ita
1693 1788 1733 1825 et
1761 1785 1805 1825 in
1832 1799 1879 1825 eo
1908 1786 2011 1824 tem-

289 1867 387 1906 pore
419 1867 500 1906 quo
530 1853 751 1905 inportune
782 1852 1097 1892 adnuntiaverat
1128 1851 1295 1905 quidam
1327 1850 1363 1891 ei
1393 1853 1442 1891 de
1472 1854 1614 1900 matre,
1646 1865 1728 1891 non
1750 1849 2012 1902 amplectitur

288 1934 362 1972 pro
393 1917 536 1958 matris
566 1917 798 1971 praesentia
826 1920 1043 1970 paternum
1073 1917 1296 1970 praeterire
1326 1919 1602 1970 praeceptum.

399 1982 524 2024 LVII.
581 1982 641 2024 Ut
682 1986 819 2024 autem
861 1982 936 2023 tibi
981 1984 1197 2023 ostendam
1237 1984 1339 2023 haec
1368 1983 1426 2022 ita
1457 1997 1560 2024 esse:
1600 1980 1747 2022 Petrus
1778 1981 2013 2034 aliquando⁷

291 2065 384 2090 cum
413 2050 496 2089 iam
526 2049 876 2090 beatificationem
906 2048 1054 2089 fuisset
1083 2049 1133 2088 ab
1166 2063 1212 2089 eo
1243 2051 1498 2098 consecutus,
1529 2047 1586 2087 ait
1617 2049 1669 2087 ad
1689 2046 1844 2088 Iesum:
1874 2049 2014 2097 Propi-

293 2119 373 2155 tius
402 2121 490 2165 esto)
521 2117 686 2164 domme,
716 2130 798 2155 ozon
827 2117 898 2154 erit
928 2117 996 2154 tibi
1023 2117 1142 2164 istud>
1186 2128 1279 2154 cum
1310 2114 1481 2154 dixisset
1512 2114 1549 2153 ei
1578 2111 1692 2154 Iesus
1725 2112 1821 2165 quia
1852 2113 2016 2164 oportet

292 2180 424 2221 filium
455 2180 634 2220 hominis
665 2182 884 2220 ascendere
914 2179 1212 2232 lerosolymam
1243 2182 1283 2220 et
1313 2179 1446 2221 occidi
1473 2181 1512 2219 et
1541 2179 1663 2219 tertia
1695 2177 1759 2218 die
1788 2189 2016 2229 resurgere3

403 2289 427 2321 9
452 2290 467 2322 1
494 2288 576 2323 Kor.
602 2289 654 2329 13,
679 2290 720 2322 11
747 2307 787 2312 -
815 2288 861 2322 11
890 2287 982 2322 Phil.
1011 2290 1041 2328 3,
1067 2289 1109 2322 13
1134 2308 1176 2311 -
1214 2289 1263 2323 19
1289 2288 1419 2321 Matth.
1446 2287 1498 2328 10,
1527 2288 1578 2321 31.
1619 2286 1708 2320 Luk.
1742 2286 1794 2327 14,
1826 2285 1870 2319 <26
1897 2270 1944 2308 -“
1965 2284 2014 2318 22

292 2346 422 2380 matth.
447 2345 478 2388 3,
503 2345 556 2378 ⁶22.
598 2343 686 2394 nuk.
712 2345 743 2385 9,
769 2344 812 2377 60
836 2363 879 2367 -
905 2344 956 2378 33
980 2343 1111 2377 Matth.
1137 2344 1189 2384 16,
1214 2344 1267 2378 21.
1292 2344 1346 2378 ⁶22.
1394 2343 1510 2376 Mark.
1537 2343 1567 2385 3,
1592 2343 1631 2376 31

408 2444 478 2478 GM

407 2544 429 2577 2
455 2542 557 2586 haec]
585 2554 627 2577 ea
651 2543 694 2576 M
733 2544 737 2583 Ι
781 2542 847 2585 uti]
874 2541 885 2574 i
908 2541 1075 2575 zzz-emal
1095 2540 1329 2584 gesem-seben,
1354 2540 1436 2573 aher
1459 2540 1524 2573 das
1548 2539 1668 2572 ἤια-6376
1693 2538 1705 2571 1
1729 2536 2016 2576 (ἶῑινσΙῑεῗν-ίσΙιεης

295 2611 333 2635 20.
357 2612 384 2634 e.
408 2599 480 2634 sele.
516 2599 597 2640 le'eqt
632 2598 709 2632 eine
738 2598 924 2632 Com-eciem·
958 2608 1007 2630 mc
1043 2596 1203 2639 lz'yz'erten
1240 2596 1269 2630 ti
1303 2606 1366 2629 vor
1415 2596 1419 2638 Ι
1475 2596 1499 2630 4
1534 2594 1757 2628 nuntiauerit
1795 2593 1825 2627 Ο
1864 2592 1870 2636 Ι
1914 2593 1936 2627 5
1973 2591 2016 2636 is]

293 2656 348 2689 his
377 2655 406 2690 G
446 2657 450 2697 Ι
495 2656 517 2688 0
553 2654 646 2688 αῑασίι
677 2656 713 2688 et
738 2658 778 2693 -Ι-
811 2653 853 2686 de
878 2652 922 2686 M
961 2653 964 2696 Ι
1015 2653 1031 2687 ἰ’
1070 2652 1164 2685 nach
1189 2652 1285 2687 solus
1310 2656 1351 2691 -Ι-
1377 2664 1401 2685 n
1429 2651 1464 2693 G,
1503 2650 1585 2685 aber
1610 2649 1725 2693 yleicla
1749 2647 2016 2682 durclzslrielaen

295 2723 333 2744 uz
358 2723 384 2745 e.
410 2711 482 2746 solz.
527 2711 531 2753 Ι
577 2710 598 2745 8
624 2709 855 2753 monstrabit]
885 2708 1056 2751 Zaeassm',
1082 2708 1300 2742 monstrauit
1329 2707 1401 2742 OM
1446 2709 1450 2750 Ι
1506 2708 1530 2742 9
1566 2705 1659 2740 nacla
1694 2707 1735 2739 ut
1768 2703 1941 2749 parvulus
1977 2707 2018 2742 -Ι-

294 2766 387 2811 sapit
410 2766 465 2806 M,
501 2765 570 2799 mit
604 2765 777 2799 derselben
819 2765 918 2798 Tiazte
950 2764 1072 2807 yetz'lslt
1115 2765 1119 2807 Ι
1165 2764 1216 2798 10
1252 2763 1417 2807 destruit]
1456 2763 1657 2796 destruetur
1697 2762 1727 2796 O
1782 2761 1787 2804 Ι
1835 2759 1884 2794 15
1926 2758 2020 2791 nach

295 2821 419 2856 debuit
443 2826 483 2861 -Ι-
510 2822 545 2855 et
574 2821 603 2855 O
645 2823 650 2864 Ι
708 2821 753 2855 17
782 2820 939 2865 peccatis
966 2820 995 2854 Ο
1039 2820 1044 2863 Ι
1099 2819 1149 2854 18
1182 2831 1270 2853 onus
1295 2817 1566 2863 praegravatos]
1592 2818 1708 2851 honus
1732 2818 1768 2851 et
1793 2815 1965 2860 gravatus
1993 2814 2023 2848 Ο

295 2878 297 2883 ’
340 2877 482 2921 deligit]
515 2876 635 2921 diligit
669 2877 698 2911 O
738 2878 743 2920 Ι
788 2877 839 2910 20
875 2874 1086 2910 memoriam
1126 2875 1155 2909 G
1195 2876 1200 2918 Ι
1245 2875 1295 2909 23
1333 2873 1571 2908 necessariam
1611 2873 1640 2908 C
1680 2874 1684 2915 Ι
1730 2872 1777 2907 ‘27
1816 2871 1957 2915 petrum
1980 2868 2026 2902 M

295 2933 298 2954 Ι
341 2933 391 2967 30
414 2932 657 2967 ierosolimam
682 2932 726 2966 M

2032 417 2054 451 3

2032 673 2056 708 4

2035 1332 2058 1363 (ἰ

2041 1596 2056 1629 —1
