2164 3406
78 865 120 897 111

76 1193 118 1225 1ἴ)

75 1524 118 1558 20

72 1853 93 1886 N.)

99 1855 116 1887 ιι

73 2180 117 2214 30

756 158 847 189 λε’ῒῐι
873 156 1037 190 Archelai
1069 157 1156 191 lllll.
1186 158 1271 191 LlV.
1833 168 1880 204 ῃ,

147 266 226 307 Sed
258 267 453 320 quoniam
484 267 742 320 ignorantiae
773 267 952 308 tenebris
981 269 1226 308 obcaecatus
1249 273 1320 319 cst,
1351 271 1389 309 111
1414 286 1561 310 uinum
1587 274 1765 312 cucurrit
1788 289 1877 313 vum

146 333 224 373 iter
254 332 408 373 faceret
435 334 486 373 ad
509 331 764 383 Marcellum,
798 335 837 373 et
859 332 1006 373 similis
1036 334 1171 374 facere
1199 334 1412 387 astrologo
1444 337 1691 377 describenti
1714 340 1876 391 quidem

147 397 357 448 caelestia,
393 399 603 451 ignoranti
633 414 729 439 vero
762 413 865 452 quae
898 399 1009 438 (lomi
1043 414 1139 439 suae
1178 403 1387 453 geruntur.
1447 401 1525 442 Sed
1556 418 1606 443 116
1638 404 1778 444 videar
1808 420 1879 457 per

146 464 247 504 haec
275 465 402 504 verba
433 464 598 505 differre
630 465 902 518 quaestirmes,
935 466 1015 505 iam
1048 465 1211 517 sileam3
1244 468 1292 506 de
1323 467 1373 507 iis
1399 482 1492 508 vero
1515 470 1620 509 dabo
1644 469 1718 521 ipsi
1744 474 1879 522 potes-

102 536 118 564 ='
145 532 290 570 tatem:
324 532 460 570 sumat
492 532 783 583 quodcumque
807 530 894 571 vult
923 532 1221 584 propositionis
1244 535 1284 572 et
1303 533 1558 585 quaestionis
1580 534 1755 575 initium.
1799 534 1879 575 Vos

144 598 451 644 tantummodo,
483 596 589 637 sicut
619 597 808 649 superius
839 597 940 646 dixi,
973 596 1286 638 indeclinabiles
1318 598 1475 640 iudices
1507 615 1595 641 esse
1627 617 1798 654 quaeso,
1838 608 1874 641 111

146 676 241 701 vera
271 661 423 701 dicenti
454 662 654 703 honorem
686 677 828 703 verum
858 661 1123 717 palmamque
1154 665 1338 704 tradatis.

253 725 346 767 LIV
378 727 578 781 QXLYH).
636 727 753 769 Tunc
784 728 939 778 Manes,
970 728 1136 769 silentio
1167 730 1217 770 ab
1247 732 1439 771 omnibus
1470 732 1591 780 facto.
1622 733 1678 771 ita
1711 747 1879 772 exorsus

145 796 224 834 est:
264 792 327 834 Tu
359 808 541 847 quoque,
572 794 786 844 Archelae,
817 794 919 835 bene
950 810 1014 835 me
1046 796 1096 835 de
1126 797 1202 835 deo
1234 797 1478 836 sentientem
1511 798 1762 851 dignamque
1793 799 1879 851 opi-

145 861 311 900 nionem
349 862 399 901 de
431 858 595 900 Christo
633 859 879 901 retinentem
910 860 1045 900 verbis
1082 860 1390 902 molestissimis
1427 863 1639 913 obtundis,
1672 863 1769 904 licet
1799 865 1879 904 talo

145 926 198 966 sit
228 924 513 978 apostolorum
546 938 693 978 genus,
736 927 899 979 patiens
931 929 971 966 et
1001 927 1136 966 ferens
1168 928 1323 977 omnia,
1367 928 1491 968 etiam
1528 928 1562 968 si
1593 929 1649 969 eis
1682 929 1879 970 conviciis

146 992 237 1044 quis
269 994 340 1031 aut
369 991 600 1032 maledictis
632 992 847 1033 obtrectet.
906 991 949 1032 Si
979 993 1173 1045 persequi
1204 992 1400 1040 volueris,
1437 996 1602 1043 paratus
1634 1009 1742 1043 sum,
1775 998 1812 1035 61
1845 996 1875 1035 si

142 1057 294 1098 inferre
325 1056 539 1110 supplicia,
570 1072 650 1097 non
683 1057 900 1111 refugiam.
960 1057 1004 1097 Si
1035 1058 1159 1098 etiam
1194 1059 1426 1100 interficere
1456 1074 1521 1100 me
1542 1060 1616 1108 vis,
1647 1075 1731 1100 non
1751 1060 1878 1101 refor-

143 1122 274 1174 mido;
305 1122 425 1162 illum
457 1122 565 1162 enim
596 1122 731 1163 solum
764 1126 928 1177 oportet
960 1127 1089 1164 timere·
1109 1128 1178 1176 qui
1201 1131 1323 1176 potest
1353 1128 1529 1165 animam
1562 1132 1595 1165 et
1623 1140 1765 1177 corpus
1790 1142 1877 1177 prr-

143 1191 227 1228 (Zere
258 1191 300 1227 in
327 1189 555 1239 yehemzcmz.
613 1189 883 1229 ARCHELAUS
912 1202 1056 1230 DIXIT:
1088 1190 1214 1231 Absit
1250 1206 1269 1230 a
1308 1206 1383 1231 me.
1443 1190 1540 1231 Non
1572 1194 1633 1231 est
1662 1191 1766 1231 1111111
1796 1192 1877 1232 tale

142 1254 414 1307 propositum.
468 1253 576 1302 Quid
603 1255 711 1294 enim
742 1269 960 1308 perpessus
993 1270 1034 1296 es
1063 1271 1086 1295 a
1106 1271 1171 1296 me
1192 1256 1258 1296 vel
1280 1272 1302 1296 a
1323 1258 1503 1298 nostris?
1535 1260 1575 1297 et
1597 1258 1763 1311 quidem
1786 1272 1875 1298 cum

144 1321 396 1361 obtrectares
429 1322 552 1373 atque
579 1320 773 1361 iniuriam
803 1321 1015 1375 inrogares
1047 1324 1087 1362 et
1117 1337 1210 1362 cum
1241 1324 1476 1363 detraheres
1508 1325 1558 1363 de
1579 1323 1762 1375 paternis
1784 1338 1877 1363 nos—

143 1386 217 1426 tris
259 1386 553 1426 traditionibus
596 1388 636 1425 et
678 1400 769 1426 611111
816 1385 943 1428 velles
981 1388 1139 1427 animas
1181 1388 1395 1428 hominum
1437 1389 1541 1430 bene
1583 1388 1793 1429 institutas
1831 1403 1878 1430 ac

144 1451 336 1504 diligenti
367 1450 529 1491 cautela
560 1454 742 1492 servatas
778 1453 1027 1502 interficere,
1062 1453 1212 1507 quibus
1250 1455 1394 1508 utique
1430 1455 1641 1507 repensari
1670 1469 1753 1495 non
1783 1470 1876 1508 pos-

144 1519 240 1557 sunt
269 1517 484 1558 universae
514 1518 659 1558 mundi
689 1518 869 1559 divitiae.
919 1518 1075 1559 Verum
1105 1522 1243 1560 tamen
1273 1523 1443 1573 propter
1474 1522 1586 1573 quod
1621 1521 1821 1569 adsumis.
1853 1538 1875 1561 o

142 1583 412 1624 Manichaee?
471 1583 579 1631 Quid
617 1587 679 1625 est
711 1585 823 1637 quod
860 1585 1045 1625 indicas?
1108 1584 1220 1633 Quae
1252 1585 1397 1626 salutis
1440 1585 1560 1639 signa
1603 1588 1655 1626 ad
1694 1602 1768 1627 nos
1810 1589 1876 1627 (le-

143 1649 250 1689 feras
281 1649 419 1690 dicito.
469 1648 704 1690 Verborum
736 1651 845 1690 enim
876 1652 984 1691 nuda
1016 1652 1186 1692 iactatio
1217 1667 1300 1692 non
1326 1651 1480 1704 poterit
1498 1653 1708 1704 praesenti
1737 1652 1876 1692 multi-

142 1714 278 1754 tudini
314 1714 570 1766 satisfacere,
612 1719 658 1756 ut
699 1719 929 1769 agnoscant
960 1717 1029 1770 qui
1067 1720 1255 1758 nostrum
1286 1718 1439 1758 rectius
1471 1717 1632 1758 obtinet
1662 1717 1874 1759 scientiam

142 1781 340 1822 veritatis.
397 1780 460 1821 De
493 1796 574 1834 quo
605 1794 703 1835 ergo
734 1783 797 1823 vis
828 1797 904 1823 nos
935 1784 1070 1836 capite
1102 1785 1329 1837 disputare,
1360 1784 1440 1823 hoc
1469 1784 1583 1836 prius
1614 1784 1752 1833 dicito,
1785 1799 1877 1825 611111

98 1871 102 1884 ;
142 1846 256 1899 prius
300 1847 465 1887 dicendi
508 1848 714 1900 acceperis
757 1847 1010 1891 facultatem.
1067 1850 1222 1890 MANES
1252 1862 1395 1889 DIXIT:
1439 1848 1483 1890 Si
1518 1864 1600 1890 non
1631 1850 1782 1891 iterum
1813 1850 1876 1891 his

143 1926 247 1965 quae
278 1928 301 1952 a
330 1913 451 1953 nobis
493 1915 603 1954 recte
646 1914 841 1954 dicuntur
880 1914 1106 1956 infideliter
1135 1916 1310 1964 resistis,
1354 1915 1503 1963 dicam;
1548 1915 1583 1955 si
1614 1918 1752 1956 autem
1781 1915 1876 1956 talis

142 1978 285 2019 existis
317 1978 483 2032 qualem
512 1981 553 2019 te
583 1980 698 2032 prius
736 1980 860 2028 sensi,
899 1981 1034 2021 dicam
1075 1983 1269 2022 adversus
1300 1980 1543 2030 Diodorum,
1574 1980 1786 2021 declinans
1816 1982 1876 2022 in—

143 2044 427 2097 quietudinem
455 2047 581 2085 tuam.
628 2045 898 2086 ARCHELAUS
927 2059 1074 2087 DIXIT:
1106 2046 1301 2087 Praedixi
1321 2047 1404 2087 iam
1426 2048 1538 2100 quod
1559 2047 1770 2087 abutimur
1790 2048 1875 2087 ina-

141 2109 272 2149 nitate
303 2110 534 2150 verborum.
585 2109 629 2151 Si
654 2111 747 2164 quis
779 2114 1016 2153 nostrorum
1048 2113 1238 2154 resistere
1268 2112 1493 2153 infideliter
1521 2113 1741 2162 invenitur,
1771 2114 1876 2153 iudi-

142 2176 259 2216 cibus
289 2176 391 2216 haec
419 2177 615 2229 permitte
645 2176 894 2227 discernere3
936 2181 981 2219 tu
1024 2182 1162 2220 autem
1194 2179 1294 2232 quid
1327 2180 1491 2219 adseras
1523 2179 1662 2220 dicito.
1719 2179 1875 2219 MANEs

139 2253 287 2281 DIXIT:
321 2240 364 2281 Si
393 2256 478 2282 non
508 2243 659 2283 iterum
690 2243 848 2284 resistis
878 2244 942 2284 his
975 2259 1079 2297 quae
1110 2259 1133 2284 a
1152 2259 1218 2285 me
1238 2244 1389 2285 iterum
1410 2247 1520 2285 recte
1541 2245 1744 2294 dicuntur⁷
1775 2245 1875 2285 11161-

140 2307 264 2360 piam.
334 2307 598 2349 ARCHELAUS
638 2320 781 2349 DIXIT:
826 2308 869 2349 Si
904 2324 988 2350 non
1029 2310 1108 2350 hoc
1154 2312 1231 2356 est,
1275 2311 1309 2350 si
1351 2325 1434 2351 non
1475 2309 1596 2360 illud,
1638 2324 1771 2350 sermo
1815 2314 1875 2350 est

254 2431 304 2467 14
329 2432 459 2467 Matth.
487 2433 538 2473 10,
564 2432 607 2467 528

259 2542 330 2576 OM

255 2641 276 2676 1
304 2642 515 2676 obcecatum
546 2643 575 2677 C
603 2644 606 2686 Ι
641 2644 663 2678 2
690 2643 821 2688 facere]
848 2643 966 2678 factus
991 2645 1047 2678 est
1069 2644 1249 2687 Zacaymss:
1278 2644 1448 2678 m'ellez'elzt
1473 2644 1555 2685 liessz‘
1578 2643 1636 2677 ein
1655 2643 1789 2677 Irrffum
1815 2644 1874 2677 cles

151 2689 372 2732 Uber-semem
407 2709 469 2731 vor
511 2699 515 2742 Ι
561 2699 584 2733 3
621 2699 745 2734 domui
775 2699 804 2733 C
847 2700 851 2743 Ι
907 2699 931 2734 4
968 2700 1198 2743 quaestiones
1234 2700 1321 2744 iam]
1359 2700 1571 2744 quaestione
1595 2699 1668 2733 iam
1698 2699 1728 2734 O
1747 2710 1874 2743 quaes-

142 2753 258 2788 tiones
282 2752 327 2786 M
376 2754 380 2796 Ι
431 2753 489 2798 iis]
526 2754 582 2788 his
607 2755 652 2788 M
690 2756 694 2797 Ι
739 2756 762 2790 5
799 2757 836 2789 et
870 2756 1093 2799 quaestionis
1119 2762 1162 2793 <
1186 2755 1231 2789 M
1269 2756 1273 2798 Ι
1322 2757 1338 2790 7
1378 2767 1462 2790 uere
1493 2755 1522 2790 C
1561 2757 1566 2799 Ι
1610 2757 1633 2790 9
1665 2756 1706 2789 tu
1731 2766 1873 2799 quoque

143 2807 322 2852 archelae]
348 2819 488 2852 queque
514 2810 700 2845 archelaus
725 2811 770 2844 M
808 2814 812 2854 Ι
857 2811 937 2855 (160]
965 2811 1112 2845 domino
1138 2811 1181 2844 M
1210 2812 1214 2854 Ι
1249 2812 1298 2846 12
1324 2811 1494 2855 volueris]
1520 2811 1691 2854 Zacaym'.
1717 2811 1872 2845 voluerit

147 2864 220 2898 CM
257 2866 262 2905 Ι
307 2865 357 2899 13
381 2865 475 2898 ‘nacla
498 2865 630 2900 inferre
655 2871 696 2907 -Ι-
721 2866 879 2901 uoluerit
903 2867 948 2901 M
974 2868 979 2911 Ι
1014 2867 1064 2902 16
1081 2867 1176 2901 nacla
1193 2867 1290 2901 enim
1309 2872 1350 2907 -Ι-
1368 2867 1456 2901 mali
1481 2867 1521 2900 M
1553 2868 1558 2910 Ι
1599 2867 1646 2902 17
1672 2866 1871 2911 inrogares]

141 2931 191 2954 mc
214 2919 393 2965 irrogares
418 2931 506 2954 corr.
537 2920 586 2955 02
629 2922 633 2964 Ι
678 2922 726 2956 21
755 2922 886 2967 signas,
912 2923 978 2956 das
1005 2923 1104 2956 Ieme
1128 2934 1144 2956 s
1167 2922 1438 2956 durelzstrielzen
1468 2922 1498 2956 C

1905 414 1927 443 ⁴.)

1905 1001 1926 1021 ι)

1906 1025 1925 1034 ..ι

1905 1201 1927 1234 3

1903 1529 1926 1564 4

1904 1856 1925 1890 5

1902 2057 1924 2089 (ἰ

1905 2321 1921 2355 ’ᾸΙ
