2164 3406
215 552 235 585 O!

192 1209 233 1241 ]5

262 182 283 217 4
291 182 312 217 (5
1006 168 1250 217 Hegemonius

262 291 328 326 lar.
398 285 451 326 Et
486 286 645 326 intuere
687 285 998 325 multitudinem
1046 284 1188 338 legum
1229 298 1301 336 per
1342 283 1528 337 singulos
1582 285 1730 334 iustos,
1774 285 1845 337 qui
1884 284 1987 325 bene
2015 286 2037 320 S

262 353 441 403 agebant
475 352 598 391 vitam
629 366 761 399 suam,
793 365 901 391 nunc
936 364 985 390 ex
1013 353 1143 391 semet
1178 350 1279 403 ipsis
1315 351 1571 402 proferentes
1606 350 1650 390 in
1680 350 1872 391 cordibus
1903 351 1987 391 suis

262 417 429 457 insitam
467 418 531 457 dei
562 417 712 469 legem,
755 430 864 456 nunc
895 432 917 456 a
947 416 1124 469 propriis
1165 415 1405 468 parentibus
1446 416 1717 469 inquirentes,
1759 416 1985 469 aliquando

262 483 384 522 etiam
415 484 464 522 ab
497 483 801 535 antiquioribus
845 485 883 521 et
925 482 1157 522 senioribus
1200 481 1468 522 addiscentes.
1529 481 1684 522 Verum
1727 483 1824 535 quia
1864 483 1987 535 pauci
2013 488 2036 521 9

260 563 333 601 per
362 549 471 587 hunc
513 550 681 588 modum
718 549 910 600 poterant
946 549 997 587 ad
1032 548 1215 587 iustitiae
1253 546 1416 587 culmen
1453 550 1688 598 ascendere⁷
1730 549 1773 588 id
1814 550 1876 588 est
1915 562 1989 600 per

260 616 476 666 parentum
507 613 758 662 traditiones,
789 612 904 653 nulla
933 613 976 652 in
996 612 1145 653 litteris
1166 612 1257 665 lege
1280 613 1524 666 conscripta,
1554 614 1772 654 miseratus
1806 616 1867 654 est
1887 615 1988 654 deus

262 681 487 718 humanum
517 691 646 731 genus
678 681 718 719 et
747 678 943 731 scriptam
979 678 1114 731 legem
1145 693 1218 731 per
1248 678 1421 731 Moysen
1451 679 1584 720 voluit
1613 679 1850 720 hominibus
1881 681 1987 729 dare,

261 744 457 797 quoniam
489 744 656 797 quidem
686 758 769 783 non
800 745 984 796 adprime
1005 745 1048 784 in
1070 745 1264 785 cordibus
1287 759 1430 785 eorum
1454 745 1654 785 naturalis
1674 745 1778 798 legis
1801 746 1987 798 aequitas

260 810 524 851 retinebatur.
584 809 775 850 Consona
816 809 946 862 igitur
985 810 1143 862 primae
1186 811 1407 852 creationis
1443 811 1646 850 humanae
1684 810 1731 851 fit
1766 810 1808 850 in
1837 810 1987 851 litteris
2015 819 2065 853 10

258 876 483 929 legislatio,
528 889 630 928 quae
665 890 739 928 per
768 875 943 927 Moysen
974 877 1095 916 datur
1125 876 1270 917 salutis
1301 890 1425 917 causa
1454 876 1744 929 plurimorum.
1802 875 1847 916 Si
1877 877 1986 916 enim

259 943 523 982 aestimamus
560 942 770 982 hominem
813 941 900 981 sine
936 942 1130 993 operibus
1161 941 1266 995 legis
1297 942 1514 982 iustificari
1556 945 1596 982 et
1625 941 1837 982 Abrabam
1866 957 1987 995 repu-

258 1011 374 1058 tatus
401 1010 462 1048 est
492 1007 642 1057 iustus,
674 1009 828 1060 quanto
860 1008 992 1059 magis
1023 1007 1068 1053 ii,
1107 1008 1178 1060 qui
1210 1007 1510 1060 adinpleverint
1538 1008 1675 1060 legem
1707 1008 1987 1048 continentem

259 1088 305 1113 ea
328 1087 432 1125 quae
454 1072 692 1113 hominibus
715 1073 948 1125 expediunt,
978 1073 1180 1113 iustitiam
1202 1076 1528 1126 consequentur?
1565 1073 1619 1113 Et
1641 1074 1840 1126 quoniam
1860 1074 1988 1113 trium
2016 1086 2063 1120 11

259 1139 521 1179 solummodo
568 1152 804 1179 sermonum
852 1137 1105 1179 mentionem
1146 1139 1297 1188 ‘fecisti⁷
1341 1141 1389 1179 de
1433 1140 1583 1192 quibus
1615 1139 1829 1192 apostolus
1871 1140 1986 1189 dixit,

260 1208 522 1244 monisterium
563 1207 703 1244 mortis
743 1219 823 1243 esso
866 1207 982 1255 leyem
1024 1207 1063 1244 et
1103 1207 1306 1244 Clwistiim.
1346 1207 1550 1245 redemisse
1592 1220 1663 1245 nos
1703 1207 1746 1244 de
1786 1207 1986 1245 maledieto

260 1275 357 1320 ls'slt'S,
389 1272 427 1309 et
458 1269 653 1322 quoniam
682 1273 805 1309 virtus
828 1274 975 1320 peccati
1004 1280 1055 1309 est
1086 1274 1152 1319 lex,
1183 1272 1286 1310 adde
1314 1271 1459 1320 adhuc⁷
1491 1273 1531 1310 et
1552 1271 1617 1310 dic
1651 1273 1987 1323 quantacumque

259 1337 336 1376 tibi
368 1336 556 1376 videntur
587 1337 804 1375 adversum
835 1334 970 1388 legem
1002 1350 1088 1376 esse
1120 1336 1364 1388 conscripta.

368 1400 545 1441 XXXIII
575 1400 754 1453 (XXIX).
804 1400 959 1441 MANES
989 1413 1129 1442 DIXIT:
1171 1402 1237 1441 An
1279 1416 1362 1443 non
1391 1403 1501 1442 idem
1533 1404 1609 1451 est‚
1653 1402 1765 1454 quod
1794 1400 1908 1442 Iesus
1937 1403 1990 1441 ad

260 1467 484 1519 discipulos
522 1468 658 1507 aiebat
687 1467 922 1508 incredulos
960 1481 1029 1508 eos
1061 1482 1149 1508 esse
1180 1469 1481 1508 demonstrans:
1524 1471 1600 1507 Vos
1629 1482 1674 1507 ex
1695 1474 1808 1519 patre
1837 1470 1986 1508 diabolo

222 1540 227 1573 ζ
261 1536 348 1572 estis
378 1540 412 1573 es
439 1536 628 1573 desideria
652 1536 780 1583 patris
807 1537 923 1573 vestri
951 1536 1073 1584 facere
1097 1536 1247 1573 vultis?
1277 1532 1371 1574 Hoc
1400 1534 1544 1586 utique
1575 1533 1685 1582 dicit,
1717 1533 1814 1586 quia
1835 1535 1990 1586 quanta

261 1598 438 1639 voluerit
467 1598 673 1652 malignus
708 1598 899 1651 princeps
941 1599 1062 1639 huius
1104 1600 1250 1640 mundi
1292 1602 1332 1639 et
1373 1602 1527 1652 quanta
1568 1599 1875 1650 desideraverit,
1916 1613 1989 1652 per

260 1664 433 1717 Moysen
463 1664 673 1717 scripserit
704 1667 743 1704 et
771 1665 930 1705 dederit
956 1665 1195 1705 hominibus
1226 1664 1424 1705 facienda.
1482 1667 1549 1705 Ille
1578 1668 1683 1704 enim
1713 1667 1908 1705 homicida
1934 1671 1990 1704 est
2014 1675 2036 1709 2

260 1733 304 1769 ab
337 1733 442 1769 initio
473 1737 508 1769 et
532 1733 577 1769 in
606 1734 759 1770 veritate
787 1745 868 1770 non
897 1733 1013 1779 stetit,
1051 1734 1236 1781 quoniam
1264 1734 1405 1770 imitas
1438 1733 1484 1770 in
1514 1745 1554 1770 eo
1592 1745 1672 1770 non
1707 1736 1776 1781 est3
1814 1745 1903 1770 oum
1933 1733 1987 1770 lo-

260 1798 396 1846 quitur
424 1799 687 1844 mendaeimn,
719 1799 763 1836 (Ze
791 1801 874 1836 suis
897 1799 1074 1847 propriis
1104 1799 1290 1847 loquitur,
1327 1799 1519 1848 quoniam
1547 1799 1715 1836 mendax
1743 1803 1800 1835 est
1826 1799 1929 1836 sicut
1955 1803 1990 1836 et

192 1867 234 1900 25
253 1868 364 1912 pater
392 1864 486 1901 eius.
545 1861 813 1901 ARCHELArs
842 1875 986 1903 DIXIT:
1032 1861 1291 1902 Sufficientia
1320 1861 1398 1902 tibi
1427 1862 1529 1902 haec
1559 1864 1670 1911 sunt,
1709 1876 1761 1901 an
1790 1862 1916 1902 habes
1947 1864 1987 1902 et
2013 1875 2035 1908 3

259 1926 340 1966 alia
371 1941 477 1978 quae
508 1926 644 1967 dicas?
691 1927 846 1968 MANEs
875 1941 1020 1968 DixlT:
1051 1927 1197 1969 Habeo
1220 1927 1387 1981 quidem
1405 1927 1536 1968 multa
1566 1931 1606 1968 et
1634 1928 1783 1969 horum
1813 1927 1986 1974 maiora;

259 1993 329 2032 sed
351 1992 414 2032 his
437 1995 653 2033 contentus
676 2008 756 2034 ero.
811 1994 1079 2034 ARCHELAUS
1106 2006 1250 2034 DIXIT:
1281 1992 1531 2046 Exemplum
1553 1993 1712 2033 scilicet
1732 1993 1985 2046 accipiamus
2009 2005 2036 2040 4

259 2072 306 2097 ex
336 2058 399 2097 his
431 2072 571 2098 eorum
602 2073 707 2111 quae
737 2059 886 2100 habere
916 2062 956 2100 te
993 2060 1112 2110 dicis,
1155 2062 1200 2099 ut
1241 2073 1336 2100 cum
1377 2059 1479 2099 haec
1513 2061 1623 2099 recte
1653 2060 1790 2112 posita
1831 2059 1986 2100 fuerint

257 2122 438 2172 inventa,
482 2123 605 2164 etiam
634 2124 795 2177 reliqua
824 2139 918 2165 cum
948 2126 1011 2166 his
1043 2127 1383 2177 adnumerentur3
1426 2125 1491 2165 sin
1520 2125 1673 2175 minus,
1704 2139 1772 2166 ero
1803 2137 1881 2178 ego
1912 2126 1984 2166 ob-

191 2196 196 2203 ‘
256 2189 404 2229 noxius
440 2190 667 2230 sententiae
702 2191 901 2240 iudicum,
942 2192 984 2231 id
1022 2193 1083 2232 est
1124 2191 1222 2231 victi
1258 2191 1532 2244 ignominiam
1573 2190 1716 2231 feram.
1773 2190 1847 2232 Ais
1885 2203 1983 2244 ergo
2011 2205 2032 2240 5

257 2254 531 2295 ministerium
571 2256 716 2296 mortis
765 2270 851 2297 esse
892 2256 1044 2310 legem,
1093 2260 1133 2297 et
1173 2257 1405 2309 principem
1446 2256 1566 2297 huius
1616 2257 1759 2297 mundi
1807 2259 1984 2298 mortem

257 2331 426 2371 regnare
457 2321 506 2360 ab
538 2321 673 2361 Adam
705 2336 836 2375 usque
867 2325 918 2362 ad
947 2321 1137 2375 Moysen,
1176 2322 1377 2374 scriptum
1407 2324 1468 2362 est
1499 2322 1624 2362 enim:
1665 2325 1851 2373 Reyiiavit
1877 2337 1983 2363 mors

372 2406 421 2440 10
455 2406 531 2439 IVe'o
555 2419 589 2441 es
614 2408 749 2442 selzeint
778 2410 880 2443 donli-t
906 2409 1101 2443 Archelaus
1127 2420 1176 2443 an
1200 2410 1300 2443 Rom.
1326 2411 1356 2449 3,
1382 2408 1462 2443 28ff
1495 2429 1538 2432 —
1575 2409 1622 2443 15
1660 2408 1693 2441 Π
1718 2408 1801 2443 Kor.
1827 2409 1857 2449 3,
1885 2409 1902 2442 7
1938 2427 1983 2433 —

259 2460 336 2494 Gal.
363 2462 393 2502 3,
415 2463 455 2496 ]3
480 2482 522 2485 —-
550 2463 593 2497 16
619 2464 632 2496 Ι
659 2463 741 2498 Kor.
768 2466 876 2516 1525ss
902 2485 942 2489 -—
972 2466 1018 2500 19
1045 2465 1125 2500 Joh.
1149 2466 1238 2507 &44
1263 2484 1305 2489 —
1331 2465 1381 2499 22
1407 2464 1485 2499 Joh.
1511 2464 1542 2504 8,
1567 2466 1611 2498 44
1634 2483 1677 2488 —
1703 2464 1752 2499 3⁴2
1778 2464 1878 2498 Rom.
1893 2466 1923 2506 5,
1940 2466 1983 2498 14

375 2528 445 2561 ΟΜ

369 2594 390 2628 2
416 2597 540 2640 semet]
567 2600 663 2633 emet
693 2599 721 2633 Ο
752 2600 756 2641 Ι
800 2599 822 2634 5
849 2599 1007 2643 modum]
1032 2598 1203 2642 Zona-qni,
1229 2598 1402 2632 mundum
1431 2598 1504 2633 0211
1529 2599 1533 2640 Ι
1569 2599 1586 2632 7
1617 2609 1739 2632 mosen
1764 2598 1827 2631 wie
1851 2599 1983 2632 iimner

258 2649 346 2681 belm
374 2650 566 2685 accensam
598 2654 626 2687 (Ὗ
666 2655 669 2696 Ι
717 2655 761 2688 11
790 2654 965 2688 habraam
996 2654 1025 2687 G
1055 2655 1060 2697 Ι
1099 2655 1147 2689 12
1173 2654 1226 2688 hii
1255 2654 1327 2688 GM
1353 2655 1358 2698 Ι
1392 2655 1441 2689 19
1466 2653 1600 2697 aiebat]
1626 2654 1759 2698 agebat
1788 2654 1818 2688 0
1857 2655 1860 2697 Ι
1905 2653 1980 2698 vos]

256 2715 326 2738 uox
357 2704 385 2738 (Ὗ
417 2706 420 2747 Ι
465 2707 511 2741 *20
536 2719 554 2741 e
577 2709 645 2742 mit
668 2710 784 2743 einem
811 2710 931 2744 Strzsselz
954 2710 1108 2743 clm-iiber
1128 2710 1246 2752 ,oleiolz
1270 2710 1312 2743 iaz
1336 2710 1421 2744 estis
1446 2721 1535 2743 corr.
1556 2709 1603 2743 0²
1646 2710 1651 2752 Ι
1696 2709 1745 2744 22
1780 2711 1816 2743 et
1842 2709 1983 2744 dederit

257 2767 298 2797 <
323 2760 366 2793 Μ
405 2762 408 2804 Ι
454 2762 504 2796 23
540 2765 733 2798 ueritatem
763 2766 791 2799 Ο
830 2766 834 2807 Ι
877 2777 951 2799 non
986 2765 1093 2809 (nach
1129 2767 1196 2809 e0)]
1234 2765 1430 2808 icheJyeselz.
1456 2765 1500 2798 M
1505 2767 1518 2789 2
1560 2765 1563 2807 Ι
1608 2764 1699 2799 nach
1736 2777 1817 2799 cum
1842 2770 1883 2806 -Ι-
1907 2777 1981 2800 non

257 2820 389 2859 (smiles
419 2819 635 2862 ausradz'ert)
667 2820 696 2854 Ο
733 2821 737 2863 Ι
781 2821 830 2856 25
868 2821 1095 2865 sufficientia]
1121 2821 1248 2864 Routlz,
1274 2821 1407 2855 sufficit
1428 2820 1502 2855 OM·
1517 2820 1689 2854 vielleiclzt
1712 2821 1897 2855 sufficiunt
1912 2820 1981 2855 tibi

258 2873 347 2906 haec
372 2884 418 2906 an
443 2884 528 2908 zcsw.
562 2877 565 2918 Ι
600 2876 649 2911 28
676 2887 756 2910 cum
782 2883 823 2914 <
847 2876 876 2911 O
904 2878 907 2920 Ι
949 2878 995 2912 31
1023 2877 1117 2911 mccli
1141 2877 1267 2912 mundi
1292 2881 1333 2917 -Ι-
1357 2888 1419 2921 per
1447 2876 1491 2910 M
1521 2877 1525 2920 Ι
1565 2876 1698 2920 32s4?‚
1715 2878 1735 2912 1
1762 2877 1952 2921 regnavit.
1971 2903 1979 2911 .

256 2939 402 2969 moysen
429 2936 471 2966 <
501 2930 530 2963 G
