2164 3406
748 167 840 200 Acta
866 165 1033 199 Archelai
1061 165 1223 199 xxxiv.
1250 166 1393 200 XXXV.
1887 178 1937 216 49

197 280 350 317 absorta
371 284 426 317 est
444 292 552 317 mors
572 280 617 317 in
637 280 808 318 victoria.
839 276 930 318 Hac
950 290 1048 331 ergo
1070 292 1117 317 ex
1139 292 1263 319 causa
1284 283 1546 320 ›mnis-terium
1568 286 1708 321 mortis
1728 283 1938 336 appellata

198 346 260 383 est
288 343 367 392 lex,
399 343 497 396 quia
517 345 733 396 peccantes
765 347 805 384 et
832 344 1164 397 praevaricantes
1185 345 1309 386 morti
1332 348 1533 399 tradebat,
1566 352 1775 389 servantes
1798 353 1936 391 autem

198 424 240 449 se
289 409 538 450 defendebat
579 424 602 449 a
641 413 773 451 morte
811 413 851 450 et
893 410 1172 451 constituebat
1214 411 1256 451 in
1299 411 1447 465 gloria,
1491 427 1568 466 ope
1611 417 1736 467 atque
1779 416 1936 457 auxilio

197 475 356 516 domini
384 475 516 517 nostri
546 474 637 516 Iesu
671 475 836 516 Christi.

151 547 170 578 ἴ)
304 541 460 582 XXXV
491 540 671 593 (XXXI).
703 541 814 582 Audi
845 543 971 583 etiam
1003 546 1042 583 et
1073 545 1122 584 de
1154 559 1201 584 eo
1231 546 1342 597 quod
1374 545 1531 586 dictum
1554 549 1634 588 est:
1671 550 1749 594 om?
1777 552 1939 589 redemit

194 624 262 648 ηας
292 611 335 648 (Ic
364 611 563 648 maledieto
594 611 688 659 lassis
722 611 912 650 Christus:
972 608 1065 651 Hoc
1107 610 1148 649 in
1190 609 1282 651 loco
1325 612 1521 663 pervideo
1559 614 1829 666 magnificum
1870 617 1936 656 dei

194 673 400 714 famulum
430 674 603 726 Moysen
635 673 924 728 imaginariam
955 675 1091 729 legem
1122 676 1188 717 his
1220 677 1290 730 qui
1321 680 1429 718 recte
1466 678 1597 719 velint
1633 679 1772 721 videre
1803 683 1933 722 tradi—

195 740 301 782 disse
332 744 373 781 et
401 739 537 794 legem
565 754 714 781 veram.
765 740 882 782 Sicut
913 743 1022 783 enim
1054 744 1164 793 deus,
1196 757 1291 784 cum
1322 744 1489 785 fecisset
1510 746 1712 786 mundum
1734 749 1774 787 et
1795 748 1936 788 omnia

195 820 298 860 quae
339 808 381 847 in
414 822 461 847 eo
493 809 589 847 sunt
619 807 661 847 in
698 820 768 847 sex
806 807 965 858 diebus,
1009 810 1214 862 requievit
1256 810 1297 850 in
1340 809 1405 850 die
1448 812 1624 864 septima
1655 812 1705 851 ab
1738 813 1934 855 omnibus

129 879 170 913 10
195 873 390 926 operibus
412 873 497 913 suis
518 897 569 901 —
592 889 675 914 non
697 873 789 914 dico
813 875 910 927 quia
935 875 1187 928 requieverit
1207 874 1418 929 fatigatus,
1450 879 1520 918 sed
1544 878 1739 931 quoniam
1770 882 1820 919 ad
1842 895 1934 932 per—

192 940 349 980 fectum
381 940 608 979 adduxerat
638 953 804 980 omnem
835 954 960 993 quam
980 940 1116 981 facere
1139 941 1401 994 disposuerat
1432 945 1662 983 creaturam
1684 969 1736 972 —
1756 947 1935 998 denique

193 1006 267 1047 ait:
298 1010 414 1046 Pater
442 1020 554 1045 meus
582 1020 706 1057 usque
735 1009 849 1047 modo
880 1013 1061 1058 operatur
1090 1014 1125 1047 et
1152 1022 1217 1058 esso
1239 1023 1382 1059 operor.
1433 1007 1750 1062 Numquidnam
1773 1012 1934 1053 caelum

193 1073 294 1114 facit
323 1074 395 1112 aut
425 1070 555 1113 solem
586 1074 658 1112 aut
687 1072 898 1113 hominem
930 1075 1001 1113 aut
1031 1073 1226 1114 animalia
1257 1077 1329 1114 aut
1349 1074 1529 1128 virgulta
1550 1078 1621 1115 aut
1641 1076 1725 1117 tale
1747 1077 1934 1131 aliquid?

193 1138 273 1179 Sed
303 1137 366 1178 his
398 1138 566 1192 quidem
596 1137 831 1179 visibilibus
862 1138 1076 1191 perfectis,
1107 1154 1130 1179 a
1159 1139 1233 1180 tali
1264 1155 1386 1193 opere
1418 1142 1675 1194 conquievit;
1705 1143 1935 1185 invisibilia
1964 1160 1970 1168 ·

126 1210 167 1243 15
193 1207 331 1246 autem
363 1207 403 1244 et
431 1204 681 1245 intrinsecus
711 1219 844 1258 usque
875 1206 998 1246 modo
1030 1220 1205 1258 operans
1237 1206 1379 1247 salvat.
1423 1206 1485 1248 lta
1517 1221 1615 1261 ergo
1638 1210 1761 1250 etiam
1784 1226 1932 1252 unum-

194 1285 400 1325 quemque
431 1273 631 1321 nostrum,
665 1270 772 1311 sicut
801 1271 889 1324 ipse
923 1273 1023 1312 deus
1055 1274 1126 1323 est,
1156 1271 1438 1314 indesinenter
1458 1273 1558 1315 huic
1579 1274 1694 1327 operi
1715 1275 1933 1329 legislator

192 1337 281 1378 vult
322 1351 409 1379 esse
452 1337 690 1378 devinctum
735 1339 774 1378 et
810 1352 832 1377 a
874 1338 1155 1378 saecularibus
1190 1338 1308 1379 iubet
1347 1339 1536 1392 protinus
1568 1341 1861 1394 conquiescere
1893 1346 1933 1384 et

192 1404 360 1446 omnino
392 1403 555 1444 nullum
586 1418 690 1456 opus
713 1416 854 1457 gerere
875 1406 1141 1455 mundanum,
1166 1407 1206 1445 et
1225 1405 1303 1446 hoc
1325 1406 1558 1460 appellatur
1579 1406 1809 1449 sabbatum.
1847 1409 1932 1449 Ad-

192 1470 296 1510 didit
327 1471 452 1511 etiam
483 1471 563 1512 hoc
592 1470 634 1510 in
664 1470 769 1523 lege,
799 1470 904 1510 nihil
935 1471 1160 1511 absurdum
1190 1471 1281 1512 fieri
1312 1473 1471 1524 debere,
1502 1476 1573 1515 sed
1605 1474 1824 1515 observare
1854 1488 1931 1516 nos

123 1543 167 1577 20
193 1539 232 1577 et
262 1536 439 1589 dirigere
469 1536 596 1577 vitam
627 1539 813 1578 nostram
857 1551 905 1577 ex
947 1551 1079 1589 aequo
1123 1540 1163 1577 et
1197 1537 1318 1578 iusto.
1376 1536 1431 1577 Et
1460 1538 1692 1580 inminebat
1722 1541 1824 1581 haec
1854 1540 1930 1591 lex,

191 1601 388 1643 acerrime
417 1602 684 1643 maledictum
715 1603 896 1643 inferens
928 1603 990 1642 his
1013 1604 1085 1656 qui
1116 1618 1206 1643 eam
1236 1603 1413 1644 fuissent
1439 1605 1702 1658 transgressi5
1736 1608 1808 1647 sed
1830 1621 1933 1660 quo-

191 1668 303 1708 niam
333 1669 520 1709 homines
553 1671 669 1709 erant
699 1671 739 1709 et
768 1668 830 1709 illi
861 1671 910 1719 et,
942 1669 1050 1710 sicut
1080 1668 1203 1710 etiam
1235 1669 1356 1710 nobis
1386 1670 1627 1723 frequenter
1648 1672 1809 1723 accidit,
1832 1687 1930 1715 con-

190 1734 416 1776 troversiae
438 1734 678 1776 oriebantur
699 1737 738 1775 et
757 1735 1059 1788 inrogabantur
1078 1735 1254 1776 iniuriae
1270 1738 1309 1776 et
1329 1735 1396 1776 lex
1417 1737 1559 1777 statim
1581 1737 1931 1779 districtissimam

190 1800 391 1841 ultionem
421 1800 582 1853 peccati
612 1801 893 1854 retorquebat,
930 1801 988 1841 ita
1024 1804 1072 1841 ut
1102 1801 1136 1842 si
1167 1801 1239 1855 qui
1269 1816 1499 1855 pauperum
1530 1803 1731 1844 voluisset
1761 1804 1801 1844 in
1835 1806 1929 1845 sab-

123 1873 165 1907 25
190 1867 287 1907 bato
318 1866 473 1907 fascem
503 1866 609 1920 ligni
640 1867 849 1920 colligere,
879 1868 955 1908 sub
987 1867 1208 1908 maledicto
1239 1867 1343 1922 legis
1372 1868 1543 1909 effectus
1574 1869 1696 1910 morti
1730 1871 1928 1912 continuo

190 1932 456 1973 subiceretur.
494 1932 752 1974 Artabantur
783 1946 881 1986 ergo
913 1933 1192 1975 cohercitione
1213 1933 1317 1987 legis
1339 1934 1526 1975 homines
1550 1935 1621 1988 qui
1643 1950 1738 1976 cum
1759 1937 1928 1990 Aegyp-

188 1998 258 2039 tiis
290 1998 456 2039 fuerant
486 1999 649 2039 educati
679 2013 755 2039 nec
785 2001 949 2052 poterat
978 2014 1132 2052 poenas
1165 1999 1271 2054 legis
1294 2002 1333 2040 et
1352 1999 1575 2041 maledicta
1594 2001 1782 2043 tolerare.
1821 2002 1928 2044 Rur-

190 2079 280 2105 sum
310 2068 449 2105 autem
478 2064 562 2116 ille,
591 2066 662 2119 qui
693 2079 856 2118 semper
883 2064 1064 2106 salvator
1086 2069 1157 2116 est,
1188 2064 1302 2106 Iesus
1324 2066 1517 2107 dominus
1539 2070 1679 2108 noster
1701 2069 1924 2109 adveniens

188 2130 382 2170 liberavit
413 2145 481 2172 eos
514 2147 561 2172 ex
592 2131 879 2172 huiuscemodi
909 2131 1160 2172 cruciatibus
1196 2132 1301 2185 legis
1333 2135 1458 2185 atque
1487 2132 1735 2184 maledictis,
1768 2137 1927 2176 donans

121 2202 165 2236 30
190 2196 247 2237 eis
277 2196 461 2237 iniurias.
509 2196 599 2239 Nec
630 2198 737 2239 sicut
757 2198 923 2250 Moyses
955 2197 1174 2238 severitate
1195 2212 1294 2238 usus
1317 2201 1378 2239 est
1409 2198 1513 2251 legis
1543 2198 1648 2239 nulli
1668 2199 1926 2254 indulgendo

188 2262 397 2313 iniuriam,
429 2265 501 2304 sed
530 2263 598 2304 hic
629 2263 742 2313 dixit,
774 2263 808 2304 si
839 2264 931 2317 quis
962 2277 1108 2316 passus
1139 2263 1266 2304 fuerit
1286 2279 1309 2304 a
1328 2264 1518 2317 proximo
1540 2279 1614 2306 suo
1635 2265 1840 2317 iniuriam,
1866 2268 1929 2308 in-

303 2372 321 2406 1
350 2372 366 2404 Ι
391 2372 474 2406 Kor.
500 2373 552 2415 15,
579 2374 621 2406 54
646 2392 688 2396 ——
714 2372 736 2407 5
764 2372 843 2407 Gal.
869 2374 899 2415 3,
927 2373 968 2407 13
994 2393 1036 2396 —
1064 2373 1111 2407 12
1139 2372 1219 2408 Joh.
1246 2375 1275 2414 ι’),
1303 2375 1343 2407 17
1369 2394 1411 2396 —
1439 2374 1487 2408 2ss
1511 2374 1617 2410 Num.
1643 2377 1696 2415 123,
1722 2376 1856 2411 32—36

189 2427 321 2472 31s50,
349 2428 369 2462 1
396 2427 526 2462 Matth.
553 2430 604 2471 18,
631 2429 674 2463 22

306 2517 376 2551 GM

303 2606 322 2640 1
350 2607 441 2641 haec
471 2607 500 2641 C
539 2609 543 2650 Ι
588 2608 610 2642 2
635 2608 706 2652 lex]
734 2621 766 2643 a.
793 2609 879 2643 Has.
906 2609 949 2643 M
989 2610 993 2652 Ι
1038 2610 1074 2643 et
1098 2615 1140 2646 <
1175 2609 1205 2642 (J
1243 2609 1247 2652 Ι
1293 2609 1316 2643 4
1342 2609 1417 2654 ihu]
1446 2621 1514 2643 aus
1549 2609 1708 2644 Coruin
1754 2612 1756 2653 Ι
1803 2611 1930 2645 christi

188 2668 230 2699 <
256 2662 299 2695 Μ
339 2663 342 2706 Ι
387 2662 409 2697 5
436 2662 585 2707 dictum]
611 2664 778 2698 waima!
797 2665 1023 2707 'qesehfrieben
1042 2665 1086 2699 M
1124 2666 1128 2708 Ι
1174 2666 1225 2700 10
1250 2665 1481 2709 requieverit]
1508 2665 1674 2709 requiare
1700 2666 1880 2709 quieuerit
1903 2668 1932 2701 0

189 2717 192 2760 Ι
237 2717 285 2752 14
309 2717 487 2752 inuisibili
518 2719 587 2753 OM
623 2720 626 2762 Ι
673 2720 721 2754 15
748 2721 784 2754 et
808 2721 1037 2765 intrinsecus]
1067 2721 1239 2762 chsccrssozi,
1277 2723 1313 2755 et
1337 2721 1514 2756 trinsecus
1545 2722 1574 2755 G
1595 2721 1817 2756 extrinsecus
1842 2723 1887 2756 M
1924 2724 1926 2766 Ι

190 2773 236 2807 17
267 2774 303 2807 et
327 2774 434 2817 (nach
458 2774 694 2819 devinctum]
722 2780 776 2810 est
806 2776 835 2810 G
874 2778 878 2818 Ι
922 2777 1099 2821 protinus]
1132 2779 1302 2821 protenus
1334 2777 1363 2811 Ο
1382 2788 1525 2822 prorsus
1557 2777 1602 2811 M
1640 2778 1644 2820 Ι
1692 2777 1740 2812 18
1767 2778 1927 2822 appella-

188 2828 257 2872 tur]
285 2839 352 2862 aus
377 2829 580 2874 appellatus
606 2842 694 2866 corr.
727 2832 773 2865 01
817 2833 821 2874 Ι
867 2832 917 2867 24
943 2833 1095 2877 peccati]
1122 2833 1258 2867 fecerat
1288 2833 1358 2867 OM
1398 2834 1402 2875 Ι
1447 2833 1496 2867 25
1522 2833 1669 2875 fascem]
1697 2833 1816 2867 facere
1842 2834 1885 2867 M
1924 2834 1927 2877 Ι

188 2883 294 2927 ligni]
320 2884 432 2927 dafia'r
456 2885 535 2919 eine
551 2886 668 2920 [Molee
693 2898 760 2921 von
784 2891 869 2921 eta-a
895 2889 993 2921 sechs
1009 2889 1157 2922 Bnehst.
1182 2888 1227 2923 M
1265 2889 1269 2932 Ι
1315 2890 1364 2924 26
1390 2889 1451 2932 qui
1477 2889 1569 2932 cum]
1598 2888 1816 2932 quicumque
1842 2889 1883 2923 M
1924 2890 1926 2934 Ι

190 2940 240 2974 29
267 2940 323 2983 ex]
351 2942 387 2974 et
417 2941 446 2975 Ο

262 2997 343 3025 Aeta
361 2997 522 3026 Archelai.
1628 3002 1650 3033 4

1965 756 1985 788 Nu

1963 1157 1985 1189 ὗν

1958 2214 1980 2244 (ί
