2164 3406
238 169 287 205 ‚34
988 161 1230 205 Hegemonius

240 273 428 326 concepit
449 273 615 326 quidem
647 287 751 323 eum,
784 275 854 314 sed
877 274 1048 313 aborsus
1070 275 1146 321 est;
1178 287 1261 313 non
1284 271 1393 312 enim
1414 272 1619 324 perfectus
1642 270 1772 311 edidit
1791 273 1965 323 partum,

239 339 336 392 quia
365 340 562 380 maiorem
593 353 812 391 personam
843 340 1061 391 adgressus
1092 340 1154 378 est
1182 352 1255 390 per
1295 336 1438 377 ludam
1471 339 1510 377 et
1539 337 1631 377 ideo
1662 337 1854 377 abortum
1883 337 1967 377 fac-

239 408 327 445 tum
358 419 445 446 esse
476 405 584 455 dico,
616 405 722 458 quia,
753 408 966 457 tamquam
1008 404 1042 443 si
1073 402 1221 444 mulier
1250 417 1390 443 semen
1421 403 1498 443 viri
1535 402 1742 455 concipiat
1770 405 1895 455 atque
1924 403 1967 442 in

240 486 327 512 sese
359 471 588 512 cotidianos
610 470 785 523 accipiat
806 469 1028 522 profectus,
1059 469 1117 508 ita
1139 472 1177 509 et
1196 468 1318 509 Iudas
1341 468 1492 509 cotidie
1514 467 1756 520 proficiebat
1775 467 1818 507 in
1839 467 1966 520 peius,

195 545 214 577 5
241 536 527 578 occasionibus
558 536 637 576 sibi
668 552 690 576 a
720 535 903 588 maligno
935 535 1053 588 quasi
1083 534 1309 575 seminibus
1341 534 1457 575 datis.
1506 533 1560 573 Et
1589 533 1768 586 primum
1802 534 1967 588 quidem

240 603 318 642 fuit
349 602 384 642 ei
415 616 554 642 semen
593 601 791 654 pecuniae
833 600 1052 653 cupiditas,
1095 601 1395 641 incrementum
1426 614 1522 640 Vero
1554 599 1722 649 furtum,
1754 600 1969 640 furabatur

240 668 347 707 enim
386 682 431 707 ea
463 682 566 720 quae
597 668 868 708 mittebantur
897 667 940 706 in
970 665 1172 717 loculum3
1215 664 1378 706 dolores
1410 679 1504 707 Vero
1547 668 1690 718 partus
1732 664 1899 706 fuerunt
1933 665 1969 704 ei

240 732 474 773 conlocutio
506 747 599 773 cum
620 733 852 774 Pharisaeis
875 735 915 773 et
944 732 1065 785 pretii
1096 731 1294 773 scelerata
1316 731 1553 772 conventio:
1585 731 1756 772 aborsus
1779 734 1840 772 est
1860 746 1967 782 vero,

239 813 320 838 non
350 801 504 850 partus,
533 798 708 852 laqueus
739 798 884 840 mortis
914 798 1113 839 informis.
1164 797 1245 838 Sed
1275 799 1315 837 et
1344 799 1401 847 tu,
1434 797 1468 837 si
1489 795 1720 850 malignum
1745 811 1793 837 ex
1814 799 1854 838 te
1874 811 1968 850 pro-

172 874 214 907 lo
240 863 382 904 tuleris
425 866 466 904 et
506 863 632 905 facias
675 866 761 906 eius
804 862 1176 917 concupiscentias,
1213 862 1393 916 genuisti
1424 877 1516 903 eum
1548 864 1589 902 et
1618 864 1735 915 pater
1764 861 1850 903 eius
1882 877 1968 904 esse

240 929 404 978 diceris3
433 929 466 970 si
486 944 581 970 vero
602 930 899 983 poenitentiam
922 929 1108 983 gesseris,
1131 931 1170 970 et
1191 928 1388 969 abieceris
1409 929 1571 981 pondus
1593 927 1706 968 velut
1725 928 1968 981 parturiens.

242 994 298 1036 Ut
328 995 436 1036 enim
466 997 509 1036 in
539 995 647 1036 ludis
679 995 916 1044 scolaribus,
947 996 982 1036 si
1003 995 1208 1048 accipiens
1230 994 1321 1048 quis
1344 1009 1366 1033 a
1386 994 1587 1047 magistro
1619 993 1844 1045 materiam,
1875 994 1968 1034 reli-

240 1075 366 1114 quum
398 1075 545 1114 corpus
576 1061 772 1102 orationis
805 1076 852 1102 ex
883 1064 1012 1102 semet
1047 1061 1138 1114 ipso
1171 1063 1338 1114 generet
1368 1074 1414 1100 ac
1456 1062 1658 1112 procreet,
1691 1074 1832 1101 eorum
1864 1073 1968 1113 quae

241 1127 430 1180 genuerit
460 1127 650 1168 conditor
680 1126 768 1179 ipse
799 1127 960 1177 dicitur,
991 1128 1049 1167 ita
1079 1129 1118 1166 et
1145 1127 1217 1179 qui
1247 1141 1294 1167 ex
1327 1139 1487 1166 summa
1513 1124 1672 1165 malitia
1700 1139 1847 1178 parum
1869 1125 1968 1178 quid

173 1202 214 1235 15
240 1192 431 1232 fermenti
461 1192 676 1245 acceperit,
706 1196 823 1245 pater
844 1196 884 1234 et
909 1194 1072 1246 genitor
1103 1193 1264 1233 dicatur
1283 1205 1450 1232 necesse
1473 1195 1533 1231 est
1550 1190 1662 1232 illius
1685 1191 1756 1244 qui
1777 1192 1828 1231 ab
1848 1191 1968 1232 initio

242 1258 391 1298 restitit
421 1257 594 1298 veritati.
638 1258 757 1307 Quod
788 1258 913 1298 simili
937 1260 1059 1299 modo
1090 1258 1307 1311 provenire
1329 1259 1467 1309 potest
1489 1256 1612 1297 etiam
1633 1256 1696 1297 bis
1723 1256 1794 1310 qui
1825 1257 1969 1297 virtuti

239 1325 420 1374 student,
458 1339 554 1364 nam
583 1324 723 1364 audivi
755 1324 1004 1365 fortissimos
1034 1324 1144 1364 viros
1181 1323 1315 1363 dicere
1345 1324 1397 1362 ad
1428 1324 1567 1362 deum:
1600 1327 1762 1374 Propter
1793 1326 1966 1363 timorem

240 1396 364 1439 tmcm,
395 1393 561 1440 domine,
593 1393 638 1430 in
667 1396 775 1430 utero
806 1394 1052 1442 conceptum
1081 1397 1115 1430 et
1143 1392 1348 1430 doluimus
1378 1395 1412 1428 et
1435 1391 1662 1440 peperimus
1691 1390 1878 1439 spiritum
1906 1402 1969 1428 sa-

240 1458 357 1500 lutis:
389 1455 446 1494 ita
477 1457 517 1495 et
547 1455 797 1509 quicumque
829 1457 876 1496 de
906 1455 1054 1497 timore
1074 1455 1248 1508 maligni
1271 1454 1510 1507 concipiunt
1532 1456 1571 1494 et
1591 1454 1758 1506 pariunt
1778 1453 1969 1506 spiritum

172 1531 215 1565 :20
240 1521 472 1574 iniquitatis
502 1521 582 1574 ipsi
613 1523 750 1574 patres
782 1521 867 1562 eius
899 1523 1089 1562 dicantur
1109 1535 1277 1561 necesse
1299 1523 1376 1568 est,
1406 1519 1482 1560 filii
1504 1519 1612 1560 enim
1634 1520 1837 1567 dicuntur,
1871 1521 1968 1559 dum

240 1587 373 1627 adhuc
403 1586 630 1627 ministerio
661 1586 747 1627 eius
778 1590 939 1639 parent,
971 1590 1107 1640 patres
1138 1600 1246 1637 vero,
1277 1586 1349 1640 qui
1379 1587 1430 1626 ad
1460 1585 1756 1639 perfectionem
1786 1584 1969 1625 malitiae

240 1655 523 1705 pervenerunt.
582 1652 645 1693 lta
674 1667 852 1705 namque
884 1655 923 1693 et
954 1653 1143 1693 dominus
1174 1654 1315 1693 noster
1345 1651 1402 1691 ait
1438 1653 1489 1690 ad
1520 1649 1780 1701 Pharisaeos,
1819 1666 1886 1691 vos
1927 1654 1968 1691 de

232 1725 343 1769 patre
374 1721 523 1758 diabolo
554 1722 654 1768 estis,
687 1717 794 1759 filios
826 1732 895 1759 eos
926 1718 1081 1759 faciens
1111 1717 1234 1767 illius,
1266 1719 1396 1758 donec
1428 1717 1561 1756 adhuc
1592 1715 1830 1756 conturbari
1859 1716 1968 1756 vide-

240 1785 390 1824 bantur
421 1787 461 1824 et
492 1785 734 1837 cogitabant
763 1784 805 1824 in
836 1784 1030 1824 cordibus
1061 1784 1145 1824 suis
1175 1783 1286 1823 mala
1315 1796 1389 1836 pro
1420 1782 1539 1822 bonis
1570 1782 1788 1821 adversum
1819 1781 1966 1830 iustos;

172 1859 215 1893 25
241 1848 323 1889 illis
355 1862 452 1902 ergo
484 1851 593 1902 apud
636 1864 677 1890 se
720 1848 818 1890 talia
848 1849 1144 1902 cogitantibus,
1186 1848 1397 1890 translatis
1438 1848 1480 1888 in
1512 1862 1553 1888 se
1593 1846 1786 1900 malignis
1826 1861 1967 1887 eorum

241 1915 574 1968 cogitationibus,
604 1915 737 1965 Iudas,
768 1915 973 1956 malorum
1005 1918 1128 1968 caput
1160 1918 1200 1956 et
1229 1916 1281 1954 ad
1310 1914 1539 1967 perfectum
1569 1914 1797 1965 perducens
1823 1913 1967 1966 iniqua

242 1980 413 2021 consilia
444 1980 613 2022 effectus
645 1985 706 2022 est
736 1981 901 2022 sceleris
931 1984 1060 2034 pater,
1098 1980 1354 2020 inmanitatis
1385 1994 1482 2020 suae
1512 1978 1695 2032 praemio
1726 1979 1776 2019 ab
1808 1978 1865 2019 eis
1894 1979 1966 2019 tri-

242 2046 358 2098 ginta
389 2048 592 2099 argenteis
624 2047 866 2096 honoratus;
896 2050 1009 2087 totus
1032 2046 1141 2088 enim
1161 2050 1205 2087 rin
1226 2062 1311 2086 eum
1338 2052 1429 2097 post
1449 2048 1652 2085 buccellam
1675 2048 1800 2097 panis
1818 2049 1966 2096 inqres-

240 2127 309 2152 sus
339 2119 395 2152 esf
422 2115 608 2153 (aetholus.
658 2112 749 2163 Sed,
779 2115 825 2153 ut
855 2112 1044 2163 diximus,
1074 2115 1218 2165 postea
1241 2126 1365 2165 quam
1386 2114 1526 2151 uterus
1556 2110 1754 2151 intumuit
1784 2113 1824 2150 et
1855 2109 1968 2151 dolo-

172 2187 215 2221 30
244 2192 331 2217 rum
353 2180 516 2231 tempus
537 2178 712 2229 advenit,
744 2180 936 2219 aborsum
959 2179 1113 2219 fascem
1141 2177 1308 2231 iniquae
1336 2176 1617 2230 conceptionis
1639 2175 1786 2217 effudit
1815 2179 1855 2216 et
1874 2176 1966 2216 ideo

240 2257 314 2283 nec
344 2243 525 2295 perfecte
555 2247 672 2297 pater
701 2243 998 2298 appellabatur,
1029 2243 1107 2284 nisi
1139 2258 1186 2284 eo
1216 2246 1378 2284 tantum
1407 2245 1593 2295 tempore
1615 2256 1696 2296 quo
1723 2244 1968 2295 conceptum

355 2384 399 2418 17
429 2385 496 2419 Jes.
523 2386 575 2426 26,
603 2387 644 2418 is
669 2405 710 2408 —
737 2386 786 2420 22
814 2386 892 2420 Joh.
919 2390 949 2425 S,
974 2387 1018 2420 44
1043 2405 1084 2409 —
1112 2385 1162 2420 28
1188 2384 1267 2420 Joh.
1296 2386 1346 2421 13,
1373 2386 1414 2418 27

358 2516 427 2549 (ΠΙ

355 2648 378 2682 3
403 2649 465 2692 qui
495 2651 523 2683 ζ’
563 2651 566 2693 Ι
616 2652 632 2685 7
666 2650 804 2685 loculos
831 2651 871 2684 M
913 2652 916 2693 Ι
961 2650 1005 2693 ei]
1033 2651 1068 2684 et
1096 2650 1125 2684 G
1166 2651 1170 2693 Ι
1213 2650 1234 2684 8
1259 2652 1313 2684 est
1338 2658 1378 2688 <
1405 2651 1447 2685 M
1480 2652 1483 2693 Ι
1530 2649 1577 2684 12
1602 2648 1639 2681 in
1663 2648 1770 2691 ludis]
1797 2647 1967 2681 includis

242 2714 260 2736 c
284 2703 550 2739 (Ινῖικνείιείνῑῖσίιιηι
583 2706 627 2740 Cl
662 2718 698 2739 η’.
725 2719 751 2740 e.
777 2706 848 2739 seh.
894 2707 897 2749 Ι
942 2705 1120 2750 acceperis
1151 2706 1179 2739 O
1219 2707 1223 2748 Ι
1270 2706 1319 2740 13
1356 2706 1459 2750 quae]
1493 2717 1531 2748 q3
1562 2704 1591 2738 C
1630 2707 1634 2745 1
1681 2704 1731 2738 14
1767 2705 1804 2738 et
1828 2710 1870 2742 <
1900 2703 1930 2738 C'
1963 2706 1967 2746 Ι

244 2759 289 2793 17
320 2759 437 2803 deum]
464 2772 503 2795 w.
528 2775 553 2795 e.
581 2761 652 2797 sela.
675 2773 725 2795 mc
750 2762 934 2797 dominum
959 2773 1048 2796 corr.
1074 2761 1118 2795 M
1156 2761 1161 2804 Ι
1207 2761 1255 2796 18
1282 2761 1437 2805 domine]
1465 2760 1648 2794 dominum
1682 2760 1711 2793 O
1743 2760 1747 2802 Ι
1792 2759 1842 2794 23
1867 2761 1969 2804 patre

245 2815 438 2858 z‘ilimyeselz.
464 2817 508 2850 M
513 2819 525 2840 2
568 2818 572 2860 Ι
617 2817 668 2851 24
705 2818 751 2861 et]
781 2817 812 2851 ei
843 2818 871 2852 G
911 2819 914 2861 Ι
960 2817 1008 2852 25
1046 2817 1228 2861 malignis]
1263 2828 1311 2861 gn
1336 2828 1403 2851 aus
1428 2816 1465 2861 gi
1490 2827 1579 2850 corr.
1610 2816 1657 2850 02
1700 2816 1704 2858 Ι
1748 2815 1797 2850 26
1832 2815 1968 2859 cogita-

243 2870 338 2903 tibus
364 2872 407 2904 M
446 2873 449 2915 Ι
494 2873 540 2915 et]
570 2873 762 2915 alaeryesolz.
790 2874 832 2907 M
872 2875 876 2916 Ι
921 2873 971 2908 28
997 2884 1059 2917 pei·
1082 2871 1262 2907 bucellam
1292 2872 1329 2905 in
1347 2883 1426 2906 eum
1445 2872 1489 2906 M
1508 2872 1563 2905 die
1590 2871 1773 2914 Wortfolye
1798 2882 1887 2904 corr.
1914 2871 1970 2905 Μ2

244 2927 245 2968 Ι
289 2927 338 2960 30
369 2926 460 2970 iniq3
492 2929 521 2959 (Ὗ
560 2930 563 2971 Ι
609 2929 656 2963 31
685 2929 842 2973 perfecto
874 2930 903 2963 (⁷

1995 407 2041 442 11

1997 1128 2045 1162 13

1997 1458 2045 1493 14

1996 1853 2042 1889 15

1995 2121 2043 2155 16
