2164 3406
176 1167 217 1199 123

175 1498 218 1533 ⁴20

175 2156 218 2190 30

752 127 845 160 Acta
870 126 1040 160 Archelai
1066 126 1245 162 XXXVII.
1272 126 1469 163 XXXVIII.
1933 136 1983 174 55

245 238 416 290 gerebat
445 237 488 277 in
519 239 653 286 utero;
685 240 830 290 postea
862 252 958 279 vero
991 252 1116 292 quam
1147 239 1337 291 confugit
1359 242 1410 280 ad
1430 240 1638 293 laqueum,
1672 256 1753 282 non
1775 241 1984 295 integrum

246 303 410 344 videtur
440 303 617 344 edidisse
648 306 824 356 partum,
857 304 955 358 quia
984 304 1243 358 poenitentia
1273 307 1493 347 subsecuta
1525 310 1596 347 est.

354 368 581 411 XXXVIII
612 368 835 422 (XXXIV).
893 369 1091 424 Ignorare
1113 373 1251 412 autem
1274 387 1346 413 vos
1374 388 1456 414 non
1486 374 1664 414 arbitror
1694 375 1892 427 quoniam
1914 389 1984 428 pa-

245 439 307 475 ter
348 450 477 476 unum
519 436 687 488 quidem
729 436 783 476 sit
824 451 987 487 nomen,
1030 438 1214 479 diversos
1256 440 1397 479 tamen
1428 440 1552 480 habet
1582 439 1835 481 intellectus:
1879 440 1984 481 alius

199 506 215 536 Γ
245 501 354 542 enim
386 504 503 554 pater
533 502 685 542 dicitur
715 517 858 543 eorum
890 517 994 556 quos
1026 503 1272 544 naturaliter
1303 506 1493 558 genuerit
1523 505 1722 556 filiorum,
1755 506 1861 548 alius
1888 523 1983 550 vero

244 582 387 609 eorum
419 582 522 620 quos
553 570 845 610 tantummodo
873 570 1106 619 enutrierit⁷
1138 570 1329 611 nonnulli
1350 585 1446 613 vero
1468 573 1668 624 temporis
1691 575 1815 626 atque
1838 574 1983 614 aetatis

243 632 482 687 privilegi03
512 636 620 675 unde
652 636 693 675 ct
723 635 915 676 dominus
947 650 1063 676 meus
1094 635 1212 677 Iesus
1243 636 1446 689 plurimos
1476 641 1614 690 patres
1645 639 1796 679 habere
1819 639 1982 690 dicitur,

242 715 339 740 nam
370 702 410 740 et
439 699 577 741 David
607 703 725 753 pater
755 702 842 743 eius
873 701 1106 755 appellatus
1139 705 1200 743 est
1231 705 1272 743 et
1292 702 1441 757 Ioseph
1472 707 1590 757 pater
1612 705 1699 745 eius
1719 707 1890 757 putatus
1913 708 1984 756 est,

243 780 337 807 cum
369 766 507 808 nullus
537 767 686 808 horum
717 769 836 820 pater
866 767 952 808 eius
984 768 1110 808 fuerit
1140 770 1314 810 veritate
1345 773 1529 811 naturae.
1579 769 1689 811 Nam
1711 770 1848 811 David
1868 774 1986 824 pater

244 834 331 874 eius
363 834 515 874 dicitur
545 835 693 874 aetatis
724 847 772 874 ac
808 835 1010 886 temporis
1040 835 1280 888 privilegio,
1318 834 1466 889 loseph
1498 851 1595 878 vero
1631 836 1725 890 lege
1763 838 1984 883 nutriendi,

245 899 358 941 solus
402 902 540 940 autem
571 901 670 941 deus
701 901 820 953 pater
850 900 937 941 eius
980 903 1129 940 natura
1160 904 1230 950 est,
1275 902 1347 954 qui
1389 903 1527 943 omnia
1557 917 1631 955 per
1662 903 1833 943 verbum
1864 917 1985 944 suum

244 965 442 1007 velociter
472 966 592 1006 nobis
623 965 890 1006 manifestare
922 966 1118 1019 dignatus
1151 969 1222 1007 est.
1281 966 1372 1008 Nec
1402 968 1445 1008 in
1476 967 1617 1021 aliquo
1649 971 1880 1009 remoratus
1912 971 1982 1010 do-

243 1031 379 1071 minus
410 1045 524 1071 meus
554 1030 686 1081 Iesus,
727 1030 837 1071 intra
868 1032 991 1072 unius
1022 1033 1120 1073 anni
1162 1033 1343 1086 spatium
1373 1033 1663 1087 languentium
1694 1034 1983 1075 multitudines

242 1097 424 1138 reddidit
464 1098 650 1147 sanitati,
692 1099 880 1138 mortuos
922 1097 1022 1149 luci,
1065 1099 1138 1152 qui
1178 1100 1296 1140 verbi
1332 1101 1396 1141 sui
1426 1102 1633 1153 potestate
1664 1101 1856 1141 universa
1887 1115 1983 1142 con-

243 1163 389 1217 plexus
432 1166 504 1205 est.
562 1162 610 1204 ln
648 1177 731 1217 quo
773 1165 940 1204 tandem
983 1167 1214 1206 remoratus
1257 1168 1334 1218 est,
1376 1169 1421 1206 ut
1451 1167 1494 1206 in
1535 1167 1745 1219 paracleto
1779 1166 1981 1209 mittendo

241 1230 402 1270 tamdiu
433 1244 526 1270 eum
557 1232 809 1271 remoratum
841 1231 1082 1271 credamus?
1142 1230 1251 1280 Quin
1280 1233 1421 1285 potius
1452 1233 1588 1273 adfuit
1617 1234 1759 1273 statim
1781 1233 1889 1273 sicut
1916 1248 1982 1274 su-

242 1296 378 1349 perius
410 1297 567 1336 dictum
598 1298 671 1347 est,
700 1295 927 1349 plurimum
959 1295 1134 1337 diffusus
1164 1298 1207 1338 in
1230 1298 1418 1347 Paulum,
1450 1300 1567 1339 cuius
1595 1300 1721 1340 etiam
1742 1300 1981 1340 testimonio

243 1362 492 1403 credidimus
524 1361 694 1403 dicenti:
724 1365 828 1403 Mihi
857 1370 988 1403 autem
1017 1367 1092 1404 sole]
1121 1367 1211 1404 data
1240 1371 1294 1405 est
1321 1368 1450 1415 qratia
1479 1368 1581 1406 haee.
1646 1368 1725 1412 Qui
1746 1369 1868 1417 prius
1897 1369 1983 1418 qui-

242 1431 328 1468 dem
358 1431 606 1480 blasphemus
633 1431 715 1480 fchz't
744 1435 777 1469 et
798 1436 1023 1480 persecutor
1053 1429 1250 1471 ecclesiae
1282 1431 1368 1482 dei,
1399 1432 1470 1471 sed
1500 1445 1664 1472 rursum
1694 1432 1983 1473 manifestatus

245 1497 307 1535 est
336 1494 528 1536 omnibus
565 1495 663 1548 quia
694 1497 803 1536 esset
844 1494 979 1536 fidelis
1022 1495 1223 1548 paracleti
1264 1497 1467 1547 minister3
1510 1512 1584 1550 per
1626 1512 1749 1551 quem
1779 1496 1983 1538 universis

244 1561 428 1602 innotuit
457 1561 682 1614 singularis
712 1561 800 1602 eius
831 1561 1062 1612 clementia,
1094 1564 1206 1615 quod
1238 1565 1279 1603 et
1310 1577 1441 1616 usque
1469 1565 1521 1603 ad
1546 1578 1633 1615 nos,
1665 1563 1737 1618 qui
1758 1563 1983 1617 aliquando

244 1626 332 1667 sine
362 1640 435 1679 spe
466 1640 646 1679 eramus,
688 1629 893 1669 donorum
936 1629 1023 1669 eius
1065 1627 1235 1681 largitio
1265 1629 1463 1681 pervenit.
1522 1628 1624 1678 Quis
1655 1630 1763 1670 enim
1794 1632 1984 1671 nostrum

243 1706 407 1746 sperare
437 1695 602 1745 poterat
630 1696 937 1746 persecutorem
972 1692 1149 1734 Paulum
1180 1696 1220 1734 et
1248 1694 1465 1735 inimicum
1496 1695 1694 1736 ecclesiae
1724 1695 1983 1736 defensorem

243 1759 329 1800 eius
356 1773 404 1800 ac
429 1761 612 1800 tutorem
632 1759 846 1801 futurum?
878 1763 918 1801 et
946 1774 1030 1801 non
1061 1759 1198 1801 solum
1226 1760 1316 1811 hoc,
1346 1775 1489 1801 verum
1511 1761 1635 1802 etiam
1667 1763 1707 1802 et
1727 1761 1983 1814 magistrum,

198 1829 215 1861 ἶ
244 1825 509 1866 ecclesiarum
544 1826 803 1867 conditorem
825 1828 865 1867 et
886 1827 1214 1868 architectorem.
1263 1826 1366 1868 Post
1387 1828 1496 1868 hunc
1517 1841 1615 1881 ergo
1637 1830 1790 1881 etpost
1812 1842 1881 1869 eos
1912 1828 1985 1881 qui

244 1905 337 1931 cum
368 1891 460 1944 ipso
492 1890 667 1943 fuerant,
697 1893 740 1933 id
771 1895 833 1934 est
861 1895 958 1945 post
988 1892 1227 1945 discipulos⁷
1254 1892 1416 1934 nullum
1438 1893 1565 1935 alium
1587 1894 1726 1935 venire
1757 1895 1983 1935 secundum

243 1957 469 2010 scripturas
490 1959 741 2010 sperandum
763 1961 842 2007 est;
863 1959 922 1999 ait
942 1959 1052 1999 enim
1073 1959 1266 2000 dominus
1286 1962 1428 2001 noster
1441 1958 1556 2001 Iesus
1577 1962 1627 2000 de
1647 1960 1869 2013 paracleto,
1890 1963 1984 2012 quia

243 2030 276 2063 et
295 2026 340 2064 de
359 2038 442 2064 meo
463 2027 629 2076 accipiet.
665 2023 746 2065 Vas
769 2037 868 2078 ergo
888 2024 1105 2078 probabile
1127 2024 1254 2079 elegit
1273 2026 1384 2066 hunc
1396 2025 1532 2066 virum
1555 2039 1679 2079 quem
1700 2025 1814 2067 misit
1835 2028 1884 2066 ad
1907 2040 1982 2067 nos

243 2088 421 2130 Paulum
440 2089 485 2130 in
506 2090 622 2131 cuius
644 2089 794 2143 spiritu
814 2090 981 2131 influxit
1002 2090 1172 2144 spiritus
1194 2094 1377 2141 sanctus;
1404 2095 1443 2132 et
1463 2091 1572 2132 sicut
1592 2107 1675 2133 non
1696 2106 1820 2144 super
1841 2105 1983 2133 omnes

242 2155 432 2198 homines
462 2155 633 2209 spiritus
664 2156 851 2198 habitare
881 2159 1055 2211 poterat,
1086 2157 1168 2198 nisi
1188 2171 1311 2210 super
1330 2171 1424 2199 eum
1445 2158 1518 2211 qui
1539 2159 1588 2198 de
1610 2156 1744 2198 Maria
1775 2158 1842 2198 dei
1869 2158 1983 2211 geni-

358 2265 408 2300 14
432 2265 500 2307 vul.
526 2264 634 2300 Hebr.
662 2268 691 2309 1,
718 2268 737 2300 3
764 2285 806 2289 —
834 2266 882 2301 18
902 2265 1034 2310 Ephes.
1052 2267 1082 2309 3,
1100 2267 1122 2300 8
1147 2286 1189 2289 —
1216 2266 1331 2308 18s19
1357 2266 1373 2299 I
1397 2266 1486 2301 Tim.
1504 2268 1532 2309 1,
1550 2268 1590 2301 13
1615 2286 1657 2290 —
1683 2266 1733 2301 25
1752 2266 1767 2298 I
1788 2266 1873 2299 Kor.
1894 2267 1926 2309 3,
1942 2267 1984 2300 10

242 2341 285 2345 —
311 2322 359 2356 27
388 2320 536 2364 Joh.16‚
552 2323 594 2355 14

360 2420 432 2455 OM

356 2511 376 2545 1
404 2511 599 2555 gerebatur
623 2512 746 2556 (gei-eb
767 2511 883 2555 ylez'elc
907 2522 976 2545 ctus
1001 2523 1111 2556 gener
1135 2512 1222 2545 olme
1246 2511 1334 2545 Has.
1360 2512 1464 2555 corr.)
1497 2512 1526 2546 O
1558 2512 1562 2555 Ι
1607 2512 1629 2546 2
1656 2512 1812 2556 partum]
1839 2514 1983 2556 patrum

247 2566 277 2601 C
317 2568 321 2610 Ι
364 2566 606 2611 penitentiam
636 2567 707 2603 OM
747 2568 750 2611 Ι
796 2568 818 2602 5
856 2579 945 2612 quos
970 2567 1198 2612 naturaliter]
1232 2568 1422 2612 quostatur
1446 2567 1554 2602 aliter
1584 2568 1613 2602 O
1652 2569 1656 2611 Ι
1701 2569 1724 2602 6
1751 2568 1886 2611 eorum]
1913 2579 1982 2602 aus

242 2622 401 2657 filiorum
425 2634 515 2658 corr.
547 2623 594 2658 02
630 2625 635 2666 Ι
671 2623 881 2658 enutrirerit
904 2623 969 2658 das
993 2624 1114 2658 >zu-erite
1138 2636 1156 2658 r
1179 2623 1450 2657 clmekstriehen
1469 2624 1499 2658 G
1527 2624 1531 2667 Ι
1564 2623 1744 2667 nonnulli]
1771 2623 1981 2659 nonnullius

249 2678 321 2713 OM
358 2679 364 2722 Ι
410 2680 427 2714 7
460 2679 555 2713 nach
578 2679 673 2713 iesus
698 2683 740 2720 -Ι-
766 2679 921 2714 christus
953 2680 997 2714 M
1036 2684 1040 2720 ι
1089 2681 1137 2715 16
1175 2679 1352 2714 credimus
1384 2680 1413 2713 C
1452 2680 1456 2724 Ι
1503 2681 1615 2722 16117
1644 2679 1807 2724 superius
1844 2679 1981 2713 dictum

243 2735 299 2768 est
321 2745 384 2768 vor
408 2734 527 2769 adfuit
557 2734 681 2769 statim
702 2735 929 2779 ,qesehrieben
958 2736 988 2770 Ο
1028 2737 1032 2779 Ι
1078 2736 1195 2779 18119
1234 2735 1295 2779 qui
1320 2735 1418 2780 prius
1443 2735 1601 2779 quidem]
1627 2747 1660 2770 α.
1685 2736 1772 2769 Has.
1799 2734 1844 2768 M
1881 2736 1884 2778 Ι
1932 2735 1980 2769 19

243 2786 476 2835 blasphemus
501 2790 572 2824 fuit
596 2790 680 2835 (fuit
703 2791 913 2835 abeqyeselz.)
931 2793 968 2826 et
985 2792 1042 2836 M]
1070 2791 1139 2826 fuit
1161 2792 1195 2833 G,
1221 2791 1392 2826 vielleiclct
1416 2791 1478 2825 hat
1495 2791 1540 2825 M
1557 2791 1646 2834 hier,
1671 2791 1738 2825 wie
1761 2790 1854 2824 anch
1871 2793 1981 2831 sonet,

242 2844 321 2878 elne
353 2845 609 2889 Verbesserzmy
639 2858 708 2880 aus
737 2846 816 2881 dem
840 2847 887 2882 N.
918 2848 950 2884 Τ.
975 2848 1137 2882 versucia
1180 2849 1183 2891 Ι
1229 2848 1281 2882 20
1316 2847 1481 2881 minister
1504 2846 1673 2891 paracliti
1700 2846 1745 2881 M
1795 2848 1799 2889 Ι
1856 2847 1906 2881 29
1942 2846 1981 2880 in

245 2929 251 2935 .
279 2929 285 2935 .
311 2900 468 2944 influxit]
495 2900 533 2934 in
559 2901 705 2946 spiritus
729 2902 875 2937 influxit
904 2903 934 2938 G
973 2905 978 2948 Ι
1023 2903 1150 2948 spiritu
1176 2903 1275 2937 cuius
1301 2903 1346 2937 M
1364 2916 1410 2934 Ν
1435 2903 1498 2936 M2
1541 2903 1545 2945 Ι
1589 2904 1733 2937 sanctus
1759 2908 1800 2940 <
1831 2902 1860 2936 G

2009 642 2031 675 Nu

2009 2030 2032 2062 6
