2164 3406
465 113 561 144 venia

230 227 282 257 cui
329 230 360 256 ct
400 224 595 256 clementius
643 229 673 255 et
714 222 808 256 cum¹

274 271 394 302 venia
410 279 605 310 responsum
622 269 700 300 dare
715 270 788 311 dig-

275 320 368 346 natus
393 319 442 345 est
467 314 518 353 83,
548 321 563 355 5

229 362 271 392 ad
308 360 467 390 iudicium
504 358 647 390 venire
676 367 725 401 52,
752 360 786 395 8:

273 406 304 436 in
329 404 482 435 notitiam
504 404 630 435 venerit
659 404 710 444 58,
735 414 787 443 11;

275 460 339 481 non
357 448 430 480 veni
449 448 579 480 solvere
604 449 716 489 legem
735 449 788 491 65,

273 495 306 531 8;
347 493 422 524 veni
462 493 613 533 gladium
657 495 787 525 mittere

272 548 323 582 75,
351 547 408 575 21;
435 538 477 569 ad
502 539 672 579 baptisma
698 539 807 582 venit»,

407 583 438 613 in
456 583 661 615 desiderium
679 584 807 615 venie-'³

272 585 324 624 89,
344 593 379 621 2;

272 631 329 661 bat
353 638 406 669 97,
433 627 452 658 8

227 674 352 706 verbo
383 673 478 704 eitius
505 681 556 713 23,
584 683 618 710 2;
649 673 787 704 verbum

273 720 326 750 dei
357 728 412 757 40,
439 727 497 758 29;
531 719 670 749 verbum
701 718 788 749 vitae

273 764 324 799 62,
344 771 401 800 2ο;
428 773 488 804 pro
515 763 628 794 anima
654 763 787 794 inhabi-

272 814 414 840 tatorem
477 807 577 839 fuisse
649 808 788 839 verbum

272 854 371 884 deum
396 863 448 894 99,
475 860 516 891 32

225 898 462 930 vernaculis
480 897 643 938 inperavit
659 896 788 928 deferre

274 953 303 984 3,
330 952 371 984 23

225 999 321 1019 vero
339 988 422 1028 fast
443 988 562 1018 immer
585 1001 628 1011 =
654 983 693 1018 δέ

224 1044 359 1064 verum
377 1037 412 1063 ut
437 1030 485 1073 (ut
503 1042 581 1062 vero
596 1031 660 1073 M)
683 1040 708 1069 1,
729 1041 786 1068 203

268 1078 296 1109 si
320 1078 375 1119 qui
401 1086 515 1108 verum
540 1074 632 1118 (vero
650 1076 711 1118 M)
737 1086 788 1107 ro-

268 1127 362 1163 garet
386 1131 440 1161 44,
468 1131 486 1152 2

223 1178 372 1208 vesper
390 1176 419 1206 2,
438 1176 496 1204 2ο;
523 1174 575 1208 77,
596 1177 653 1202 20:
673 1168 725 1209 89,
746 1177 786 1208 27

223 1223 397 1254 vespera
423 1219 451 1254 5,
477 1221 513 1252 9;
541 1222 593 1254 37,
623 1221 663 1255 25

224 1258 383 1299 primatus
442 1257 506 1288 sibi
569 1257 790 1289 vindicare

269 1301 459 1344 (vendicare
496 1302 523 1333 C
526 1302 589 1344 M)
618 1302 790 1343 cupientes

270 1356 323 1388 90,
359 1356 412 1386 14;
447 1353 544 1378 sons!
572 1349 691 1378 immet*
720 1348 790 1378 vin-

273 1392 384 1423 dicare

227 1437 407 1468 Marcellus
442 1436 503 1467 vir
540 1441 638 1468 notus
672 1437 702 1476 8,
735 1444 789 1476 17;

271 1481 422 1513 Marcelli
456 1482 519 1512 viri
553 1482 660 1513 incliti
684 1483 792 1523 gratia

273 1526 323 1567 78⁷
357 1535 413 1565 24;
451 1526 500 1557 vir
524 1525 587 1569 (C)
620 1526 791 1568 piissimus

271 1570 448 1602 Marcellus
470 1580 496 1610 1,
512 1579 571 1609 20;
593 1581 622 1612 3,
647 1581 701 1612 19;
720 1573 790 1612 vgl.

270 1615 552 1657 hospitalissimus
609 1616 791 1648 Marcellus

272 1668 300 1703 5,
330 1670 383 1698 10,
420 1660 482 1692 viri
507 1662 625 1692 fratres
651 1670 705 1702 23,
736 1670 791 1702 17;

271 1706 323 1746 89,
350 1715 406 1747 29:
434 1713 486 1747 95,
513 1706 571 1746 26;
603 1705 666 1737 viri
700 1706 792 1737 audi-

273 1754 361 1782 tores
385 1759 440 1790 41,
471 1760 509 1791 13

806 948 807 956 ¹
825 951 885 981 pro
934 940 1038 971 salute

947 114 1015 144 Lat.
1043 114 1281 153 Wortregistcr

825 223 956 253 virtus
992 223 1113 265 Ιιιίνίιχὶῃ,Γ
1142 239 1185 249 r:
1216 221 1407 266 δύναμιςςῐ

872 268 995 298 nullam
1023 275 1053 299 te
1075 269 1172 300 video
1200 269 1306 300 facere
1324 270 1386 299 vir·
1406 267 1407 298 i

872 317 975 344 tutem
1003 321 1054 355 59,
1085 323 1118 345 11
1406 310 1407 347 J

826 358 852 387 si
885 368 968 399 quae
1000 359 1142 399 propriis
1180 358 1407 389 indulserunt*

871 403 1104 434 visceribus
1146 413 1173 443 3,
1221 413 1275 443 13;
1316 404 1407 443 ng*

854 448 923 498 ¹84,
954 456 991 499 5.
1405 450 1406 509 i

827 497 1045 523 vxtriarius
1071 500 1122 534 35,
1151 502 1191 532 32

825 548 944 578 corpus
975 538 1099 578 gaudet
1131 539 1172 568 ab
1206 538 1315 568 anima
1352 548 1406 575 se,

868 582 1137 614 vivificatum
1164 592 1216 623 33,
1243 583 1261 613 8
1405 578 1406 583 ’

825 682 1003 713 numquam
1040 672 1150 703 ullus
1183 672 1296 714 (nemo
1329 683 1406 703 un».

870 727 967 757 quam
982 716 1042 758 M)
1067 717 1248 758 gustaverit
1273 726 1326 757 29,
1346 726 1386 757 32

824 762 1042 792 unanimos
1091 760 1277 804 (unanimes
1324 762 1386 804 M)

872 814 923 847 35³
951 815 995 837 20

825 851 1085 891 unigenitum

872 896 1043 926 Christum
1070 904 1098 937 7,
1126 905 1167 936 23

1094 941 1388 973 universitatis

1168 850 1385 894 (μονογενῆ)

872 984 925 1024 84»
954 994 970 1026 7

827 1030 975 1061 omnium
1015 1031 1209 1062 universa
1250 1042 1333 1073 quae
1371 1043 1407 1063 a*

871 1085 1013 1117 corpore
1052 1080 1127 1107 sunt
1163 1076 1278 1107 dicunt
1317 1087 1388 1107 esse

872 1120 1012 1151 Satanae
1037 1131 1090 1162 99,
1118 1130 1135 1162 7

825 1175 943 1195 unum
961 1166 1016 1196 uni
1034 1166 1265 1197 adversantem
1284 1175 1313 1206 9,
1334 1175 1388 1207 19;
1407 1178 1408 1182 ¹

872 1209 913 1240 de
931 1221 1033 1251 grege
1052 1212 1127 1242 tulit
1144 1221 1245 1242 unum
1263 1211 1389 1242 hedum
1407 1216 1409 1225 ‘

871 1264 926 1294 40,
953 1264 1010 1295 34;
1045 1256 1176 1296 rogavit
1200 1256 1299 1298 simul
1322 1266 1390 1287 uno

873 1304 1025 1342 tempore
1050 1301 1103 1341 69,
1128 1300 1163 1337 6;
1189 1311 1215 1331 s.
1241 1302 1293 1339 εἰς
1408 1299 1410 1339 ξ

827 1355 883 1375 aer
919 1345 1029 1376 anima
1069 1350 1118 1376 est
1152 1346 1410 1376 volatilium*

873 1388 1082 1431 (πετεινῶν)
1112 1400 1160 1431 17,
1187 1399 1229 1428 24

830 1434 927 1466 volo
953 1436 1048 1465 nich!
1070 1446 1111 1466 m.
1137 1435 1244 1475 Konj.

828 1480 928 1511 urbs
953 1480 1078 1515 8mal3
1113 1480 1277 1521 oppidum
1293 1480 1396 1521 fehlt

828 1535 958 1566 usque
984 1535 1070 1556 nunc
1094 1535 1149 1565 44,
1175 1534 1232 1561 20:
1259 1524 1390 1566 45,18;

877 1570 926 1611 56,
946 1570 1005 1606 26;
1024 1580 1128 1611 usque
1147 1570 1251 1600 modo
1269 1579 1323 1610 49,
1342 1579 1390 1601 12.

878 1623 914 1656 15
927 1625 932 1651 ;
949 1625 988 1645 eo
1003 1625 1106 1655 usque
1121 1610 1222 1658 (ἀχρὶ
1235 1612 1392 1657 τούτων)

877 1668 906 1700 7,
944 1668 1001 1695 22:
1050 1659 1116 1690 hue
1146 1670 1249 1701 usque
1276 1669 1304 1700 3,
1337 1660 1390 1695 16;

1649 113 1820 144 zodiacum
1919 116 1993 154 133

1427 234 1646 264 usquequo
1673 235 1713 254 m.
1734 223 1839 264 Konj.
1871 232 1918 263 13,
1939 233 1995 258 21;

1480 269 1528 307 16,
1549 277 1600 299 22.
1618 269 1676 307 26;
1707 277 1757 305 21,
1779 277 1834 307 3ο;
1864 270 1994 308 37,16;

1472 323 1526 351 42,
1570 323 1624 353 133
1670 322 1719 355 59,
1756 323 1812 352 32;
1850 314 1904 351 61,
1942 314 1995 352 ¹6;

1473 358 1525 396 68,
1545 359 1575 388 6.
1601 366 1656 399 15;
1679 368 1729 398 70,
1750 367 1807 394 2ο;
1829 367 1880 398 73,
1897 367 1925 388 2.
1948 366 1994 396 17.

1426 407 1558 444 tempus
1576 404 1692 433 aderat
1713 408 1753 433 ut
1774 403 1996 444 penderemus

1471 457 1499 486 2,
1541 457 1599 486 24;
1642 447 1853 478 desiderium
1895 447 1996 477 fuisse

1472 494 1618 523 tenebris
1659 498 1693 522 ut
1740 493 1997 533 insequerentur

1471 537 1553 568 illud
1585 547 1643 576 24,
1671 547 1729 573 202
1768 542 1930 568 excaecat
1962 543 1995 567 ut

1471 593 1536 613 non
1580 583 1758 623 euangelio
1807 582 1994 612 deserviant

1472 636 1523 666 24,
1551 636 1606 667 233
1642 627 1721 668 quid
1755 632 1807 658 est
1834 627 1922 668 quod
1949 627 1995 656 in-

1470 672 1585 712 pediat
1635 671 1682 702 uti
1730 683 1770 703 ne
1822 672 1996 712 opinemur

1471 726 1523 757 29,
1565 726 1600 755 43
1650 717 1697 747 uti
1738 728 1778 747 ne
1821 717 1994 757 quisquam

1472 762 1594 792 audeat
1622 762 1735 792 dicere
1762 770 1813 803 35,
1846 769 1901 802 15;
1930 772 1994 791 non

1471 807 1605 837 habetis
1650 817 1735 847 opus
1775 812 1810 837 ut
1850 806 1994 837 scribam

1471 852 1523 889 62,
1553 850 1612 887 283
1640 862 1665 882 5.
1692 851 1779 882 auch
1806 862 1856 889 ne,
1883 851 1928 881 ita

1424 897 1574 937 utique
1673 893 1825 935 πάντως
1858 896 1909 935 36,
1940 904 1993 931 11;

1469 950 1490 981 9
1509 941 1583 971 mal

1425 985 1578 1016 utendo
1598 996 1691 1016 exeo
1715 995 1868 1027 perverse
1886 994 1937 1025 31,
1953 994 1993 1015 22

1435 1029 1628 1072 Wortspiel:
1658 1030 1837 1061 ostendere
1863 1040 1929 1060 non
1956 1040 1994 1059 ex

1473 1075 1572 1106 Mane
1599 1075 1768 1116 originem
1794 1074 1873 1105 mali
1898 1075 1994 1105 huius

1475 1130 1626 1151 manasse
1663 1121 1715 1161 96,
1744 1129 1783 1160 73
1824 1119 1998 1150 vielleiclzt

1475 1169 1511 1195 ut
1540 1176 1646 1205 paene
1683 1175 1799 1196 manus
1836 1164 1995 1195 inicerent

1475 1209 1508 1240 in
1533 1211 1656 1242 Manen
1695 1218 1747 1250 34,
1770 1218 1827 1250 31,
1853 1210 1922 1250 vgl.
1949 1209 1995 1239 in-

1476 1254 1631 1295 dignatus
1657 1280 1663 1286 .
1695 1280 1700 1286 .
1730 1280 1736 1285 .
1764 1255 1921 1295 dignatus
1947 1258 1995 1284 est

1474 1299 1528 1338 48,
1554 1309 1595 1339 24

1431 1389 1589 1420 tenebrae
1609 1393 1824 1430 sumpserunt
1840 1389 1996 1419 intuitum

1409 1428 1411 1450 '¹
1478 1439 1510 1465 et
1533 1434 1655 1474 yles*
1682 1433 1811 1465 enfasin
1836 1441 1889 1475 97,
1919 1443 1956 1473 13

1410 1523 1511 1564 ,911111
1538 1523 1700 1554 zelatus
1726 1525 1794 1554 est?
1825 1523 1880 1565 qui
1906 1523 1993 1553 enim

1410 1568 1411 1575 ¹
1475 1569 1600 1599 zelatur
1626 1578 1678 1608 31,
1705 1578 1747 1609 29

1411 1643 1412 1648 ,
1430 1612 1688 1644 zizaniorum

1478 1667 1532 1697 24,
1561 1667 1602 1689 22

1758 1612 1992 1643 seminatorem

874 1714 977 1746 usque
1015 1705 1056 1734 ad
1092 1714 1135 1735 21
1165 1705 1250 1742 mal,
1288 1715 1392 1746 usque

876 1760 961 1780 nunc
979 1758 1007 1787 ,5³
1021 1750 1095 1779 mal

1430 1714 1444 1732 z
1457 1713 1476 1734 o
1487 1703 1555 1734 dia
1566 1713 1652 1734 cum
1680 1702 1840 1733 circulum
1872 1702 1993 1732 descri-

1410 1738 1412 1784 ἶ
1475 1748 1553 1779 bere
1581 1747 1631 1788 38,
1658 1748 1677 1778 6
