2164 3406
273 163 323 202 58
1020 151 1261 196 Hegemonius

272 270 423 307 venient
456 270 501 307 in
530 270 689 307 nornine
718 281 801 306 meo
833 269 1015 306 dieentes:
1058 268 1140 316 Eyo
1182 279 1272 304 sunt
1313 266 1511 313 Christus;
1552 269 1585 303 et
1624 266 1769 303 multos
1812 265 1999 302 seducent.

278 336 392 380 Quod
420 336 457 372 si
493 336 610 373 etiam
638 335 786 386 aliquis
826 334 931 372 vobis
960 333 1117 380 dixerit,
1158 334 1253 370 Eece
1293 332 1355 370 ln'e
1392 335 1446 369 est
1481 331 1680 378 Christus,
1724 334 1794 368 aut
1833 342 1909 368 eece
1936 329 2001 376 ibi,

277 402 391 440 nolite
420 402 573 439 eredere.
632 402 834 448 Eoearyent
874 400 979 437 enim
1019 399 1115 447 falsi
1149 398 1297 436 Christi
1335 399 1390 435 et*
1407 397 1503 445 falsi
1531 397 1695 446 apostoli
1730 400 1763 434 et
1790 396 1886 444 falsi
1909 408 2001 445 pro-
2030 402 2047 435 7

273 468 423 516 plzetae,
454 471 487 504 et
515 467 661 505 dabant
689 467 801 513 sigyna
830 478 975 513 magma
1005 468 1038 502 et
1063 463 1262 513 prodiqia,
1305 463 1361 500 ita
1390 466 1434 499 ut
1465 463 1508 500 in
1537 474 1705 500 errorem
1733 463 1935 509 inducant,
1967 462 2004 498 si

232 538 251 570 5
270 537 396 582 potest
424 533 529 582 fieri,
571 533 684 570 etiam
716 533 856 569 eleetos.
915 531 1008 568 Eece
1031 529 1216 579 praedixi
1244 529 1358 566 vobis.
1420 527 1466 566 Si
1494 528 1663 566 dixerint
1690 528 1812 575 vobis,
1854 539 1931 564 eece
1960 527 2004 564 in

212 868 255 900 io

217 1194 258 1227 15

218 1519 261 1554 20

222 1853 264 1886 25

224 2180 267 2213 30

277 600 418 637 deserto
449 603 519 645 est,
560 598 674 635 nolite
703 598 814 634 eseire.
875 595 920 633 St
949 596 1118 633 dixerint
1146 594 1262 637 vobis,
1293 595 1337 631 in
1363 594 1674 642 penetrabilibus,
1704 593 1821 631 nolite
1849 592 2004 630 eredere.

278 662 332 703 Et
360 664 455 714 post
483 662 562 701 ista
604 660 742 702 omnia
778 661 972 699 mandata
1006 659 1084 698 iste
1114 671 1190 698 nee
1220 657 1385 710 signum
1416 655 1583 709 quidem
1613 655 1784 708 aliquod
1813 657 1885 695 aut
1912 668 2005 708 pro·
2032 668 2054 703 S

279 727 437 780 digium
474 726 607 767 ullum
649 726 866 767 ostendens
908 738 1041 777 neque
1072 723 1328 763 adfinitatem
1360 721 1544 775 aliquam
1573 722 1746 771 habens,
1784 722 1856 761 sed
1885 734 1936 760 ne
1965 719 2008 760 in

278 807 449 833 numero
482 792 646 845 quidem
678 790 977 844 discipulorum
1006 790 1166 842 positus
1202 802 1336 842 neque
1373 788 1568 829 defuneto
1604 790 1745 828 nostro
1777 787 2008 836 obsecutus,

280 858 394 900 cuius
428 857 651 899 hereditate
683 858 926 910 gaudemus,
958 870 1051 896 eum
1081 869 1214 908 neque
1246 855 1283 895 ei
1301 853 1517 907 languenti
1544 853 1758 901 adstiterit,
1789 866 1872 892 non
1891 850 2008 892 testis

281 925 461 965 extiterit
503 923 754 972 testamenti,
797 922 924 963 immo
955 921 1094 975 potius
1137 935 1230 962 oum
1271 935 1321 961 ne
1362 920 1405 960 in
1434 919 1626 960 notitiam
1657 918 1823 971 quidem
1853 916 2011 958 venerit

283 1005 441 1039 eorum,
486 989 557 1043 qui
599 988 786 1030 obsecuti
827 990 923 1028 sunt
964 986 1215 1040 aegrotanti3
1256 988 1466 1039 postremo
1509 999 1603 1026 oum
1644 983 1799 1024 nullius
1840 996 2010 1037 prorsus
2035 996 2058 1029 9

282 1055 458 1109 accipiat
487 1054 781 1103 testimonium,
811 1052 1066 1106 paracletum
1096 1066 1138 1092 se
1169 1066 1256 1092 esse
1287 1051 1376 1091 vult
1403 1051 1530 1092 credi:
1561 1064 1654 1092 oum
1681 1050 1803 1090 etiam
1831 1049 1866 1090 si
1893 1048 2011 1102 signa

284 1125 323 1163 et
352 1121 543 1175 prodigia
579 1120 751 1169 faceres,
788 1119 940 1159 falsum
972 1118 1181 1159 Christum
1218 1120 1258 1157 et
1294 1116 1443 1157 falsum
1479 1116 1723 1169 prophetam
1759 1118 1800 1156 te
1830 1113 2012 1168 reputari

285 1189 493 1240 oporteret
523 1187 749 1226 seeundum
787 1186 1028 1238 scripturam
1066 1186 1106 1224 et
1140 1183 1233 1224 ideo
1265 1182 1460 1224 convenit
1489 1197 1564 1223 nos
1596 1181 1756 1222 cautius
1786 1193 1925 1234 agere⁷
1955 1193 2013 1221 se-

284 1254 463 1294 eundum
486 1254 597 1305 quod
616 1253 762 1292 beatus
784 1250 997 1303 apostolus
1022 1252 1173 1299 monet,
1205 1248 1344 1289 dicens
1365 1248 1408 1288 in
1429 1246 1606 1300 epistula
1628 1246 1795 1300 <quam>
1818 1245 2012 1287 Colosen-

284 1319 396 1360 sibus
434 1318 613 1370 scripsit:
658 1321 884 1357 Perrnanete
914 1319 958 1356 in
998 1318 1073 1367 fide
1113 1318 1269 1366 fundati
1308 1320 1341 1354 et
1381 1317 1546 1354 radicati
1581 1320 1617 1353 et
1642 1315 1846 1353 inmobiles
1875 1315 1920 1352 ab
1950 1327 2013 1363 spe
2042 1322 2091 1356 10

286 1387 479 1436 esaanyelii
499 1387 602 1435 qaod
631 1386 868 1431 audivimus,
899 1385 1003 1434 quod
1023 1383 1291 1433 praedicatum
1323 1386 1379 1420 est
1406 1382 1449 1420 in
1480 1382 1591 1420 omni
1617 1385 1790 1419 ereatura
1817 1392 1915 1430 quae
1943 1380 2015 1418 sub

285 1453 384 1491 eaelo
415 1457 478 1491 est.
536 1449 591 1490 Et
620 1464 801 1490 rursum:
835 1451 944 1489 Sieut
973 1462 1062 1498 erqo
1092 1449 1289 1498 accepistis
1324 1448 1525 1486 Christum
1554 1448 1686 1486 Iesum
1715 1447 1942 1493 dominum,
1970 1446 2015 1482 in

284 1520 368 1568 <ipso
399 1518 602 1566 ambulate,
633 1519 798 1556 radicati
827 1521 860 1555 et
888 1517 1050 1565 fundati
1077 1527 1194 1564 super
1224 1515 1373 1563 ipsum,
1410 1514 1637 1562 confirmati
1665 1513 1740 1562 side
1769 1513 1872 1550 sieut
1900 1512 2018 1550 edocti

286 1587 391 1632 estis,
432 1585 672 1622 abundantes
708 1585 753 1621 in
785 1584 1006 1633 ¹qratiarnm
1042 1582 1199 1619 actione.
1265 1580 1390 1617 Videte
1430 1592 1478 1617 ne
1518 1580 1605 1628 quis
1646 1591 1714 1616 vos
1754 1578 1914 1627 expoliet
1946 1589 2020 1626 per

284 1651 576 1700 philosophiam
604 1655 639 1688 et
666 1651 826 1688 inanem
848 1648 1107 1686 seductionem
1127 1646 1342 1684 seeundum
1365 1645 1612 1683 traditionem
1632 1645 1853 1691 hominurn,
1882 1655 2019 1681 seeun—

287 1717 383 1754 dum
411 1718 594 1754 elementa
633 1716 787 1763 mundi,
827 1719 863 1752 et
900 1726 982 1752 non
1022 1713 1238 1751 seeundum
1272 1711 1493 1757 Christum,
1536 1711 1630 1759 quia
1671 1710 1715 1748 in
1755 1710 1840 1759 ipso
1875 1708 2020 1746 habitat

288 1782 419 1820 amnis
445 1782 645 1831 plenitudo
676 1781 840 1819 deitatis.
890 1776 1048 1825 Quibus
1077 1775 1268 1816 omnibus
1297 1774 1356 1815 ita
1387 1774 1608 1827 diligenter
1639 1772 1846 1825 expositis,
1875 1773 2020 1813 beatus
2046 1781 2092 1815 11

291 1844 504 1898 apostolus
534 1844 649 1885 velut
676 1846 794 1897 pater
823 1842 920 1883 filiis
952 1841 1066 1882 addit
1094 1845 1308 1894 tamquam
1346 1839 1607 1893 signaculum
1649 1840 1858 1892 quoddam
1894 1839 2018 1878 testa-

290 1910 419 1951 menti
449 1910 604 1951 dicens:
641 1912 841 1950 Certamen
870 1912 1016 1949 bonmn
1041 1910 1190 1957 certavi,
1219 1910 1367 1947 eir-eum
1395 1909 1566 1956 cucurri,
1596 1908 1715 1957 fidem
1744 1906 1902 1945 servavi.
1962 1905 2018 1943 De

290 1984 406 2017 cetero
436 1980 603 2028 reposita
631 1982 685 2016 est
715 1978 809 2015 milii
840 1978 1010 2015 iustitiae
1039 1988 1193 2024 corona,
1224 1988 1343 2024 quarn
1374 1975 1499 2012 reddet
1529 1974 1631 2012 mila
1660 1973 1848 2011 dontinus
1876 1972 1922 2009 in
1952 1970 2018 2008 illa

290 2046 350 2082 die
379 2045 513 2082 iustus
541 2045 674 2091 iudean
716 2056 796 2081 non
825 2044 955 2081 solum
984 2046 1114 2080 antem
1144 2042 1254 2089 milti,
1291 2042 1357 2078 sed
1385 2045 1419 2078 et
1445 2040 1628 2078 omnibus
1658 2039 1728 2088 qui
1757 2037 1926 2086 cliliyunt
1953 2036 2020 2074 ad-

288 2115 445 2149 uentum
475 2111 569 2148 eius.

399 2172 468 2213 XL
501 2172 721 2225 (XXXVI).
772 2171 948 2213 Nullum
979 2186 1027 2212 ex
1057 2170 1193 2221 nobis,
1232 2184 1254 2211 o
1287 2168 1442 2219 Manes,
1474 2168 1663 2209 Galatam
1693 2166 1831 2217 facies,
1861 2167 1907 2206 ut
1939 2164 2020 2206 oito

292 2254 365 2281 nos
396 2239 620 2280 transferas
651 2254 673 2278 a
695 2237 775 2279 fide
797 2237 960 2279 Christi.
1009 2237 1149 2277 Etiam
1182 2236 1215 2275 si
1237 2235 1355 2288 signa
1386 2237 1426 2275 et
1453 2233 1645 2287 prodigia
1675 2232 1813 2283 facias,
1843 2231 1967 2272 etiam
1987 2230 2022 2271 si

404 2327 426 2362 2
453 2327 583 2361 Matth.
609 2327 662 2367 24,
687 2326 830 2366 23-26,
857 2325 919 2368 ayt.
945 2324 1060 2358 Mark.
1088 2326 1139 2363 13,
1166 2323 1245 2357 ‘21ff
1266 2343 1308 2346 —
1336 2323 1380 2357 l'a'
1410 2321 1489 2356 Kol.
1517 2323 1545 2359 1,
1572 2322 1614 2356 23
1639 2340 1682 2345 —
1710 2320 1758 2355 19
1784 2319 1864 2353 ΚΟΙ.
1883 2319 1914 2360 2,
1934 2318 2022 2353 6-9

293 2404 333 2408 —
362 2385 412 2418 215
438 2384 470 2417 Π
495 2382 584 2416 Tim.
610 2384 641 2425 4,
668 2383 697 2416 7.
723 2383 744 2417 s

411 2460 481 2495 GM

407 2529 428 2562 2
471 2527 602 2571 aliquis
633 2526 734 2561 vobis
759 2539 805 2558 <v
831 2525 874 2560 M
916 2526 920 2569 Ι
971 2526 993 2560 3
1036 2524 1244 2570 prophetae]
1278 2523 1466 2567 abyelcitrzt
1502 2534 1534 2556 a.
1560 2522 1646 2556 Ras.
1682 2531 1751 2555 von
1785 2530 1845 2552 sem
1876 2518 2024 2554 Buelest.

301 2584 329 2618 C
369 2585 373 2627 Ι
418 2584 440 2617 6
466 2583 568 2618 vobis
593 2589 635 2621 <
661 2583 704 2617 M
743 2584 747 2626 Ι
796 2583 812 2617 7
854 2581 1009 2626 signum]
1037 2580 1141 2625 signo
1172 2580 1243 2615 OM
1282 2582 1285 2623 Ι
1332 2580 1354 2615 8
1393 2579 1520 2622 ullum]
1547 2577 1689 2611 nullum
1719 2576 1749 2610 O
1789 2576 1793 2618 Ι
1840 2575 1889 2609 10
1914 2573 2024 2608 adsti-

296 2640 393 2683 terit]
421 2639 609 2674 adsteterit
632 2650 699 2673 aas
737 2638 782 2673 ad
808 2637 949 2672 steserit
978 2649 1018 2671 w.
1044 2649 1070 2671 e.
1096 2637 1168 2672 seh.
1193 2648 1282 2670 eorr.
1313 2636 1363 2671 02
1400 2633 1557 2669 astiterit
1581 2633 1625 2667 M
1663 2633 1668 2674 Ι
1714 2631 1764 2666 13
1802 2630 1919 2675 signa]
1956 2640 2025 2663 aus

297 2697 438 2741 signam
462 2706 552 2730 corr.
572 2695 644 2738 02!
669 2695 717 2730 14
743 2694 891 2737 faceres]
918 2694 1053 2728 faceret
1078 2694 1122 2728 M
1150 2695 1154 2735 Ι
1190 2693 1238 2727 16
1264 2691 1357 2726 nacla
1382 2690 1538 2736 epistula
1563 2693 1604 2729 -Ι-
1630 2700 1740 2732 quam
1763 2684 1947 2729 Zaeaynil
1973 2685 2025 2719 20

296 2752 384 2798 ipso]
410 2752 527 2797 ipsum
556 2751 586 2785 0
613 2751 618 2794 Ι
651 2750 750 2785 docti
779 2751 808 2785 O
839 2751 844 2793 Ι
878 2750 927 2785 21
953 2749 1047 2783 nack
1072 2748 1231 2793 expoliet
1257 2752 1297 2788 -Ι-
1322 2749 1359 2781 et
1383 2748 1419 2781 et
1440 2746 1476 2788 0,
1501 2745 1565 2780 das
1589 2746 1678 2779 erste
1702 2745 1739 2778 et
1763 2745 1882 2786 spa'ter
1898 2740 2026 2775 durch-

296 2806 452 2839 strichen
495 2807 499 2849 Ι
545 2807 593 2841 22
630 2806 826 2841 seeundum
853 2833 858 2839 .
887 2833 892 2838 .
918 2805 1105 2839 hominum
1140 2810 1184 2842 <
1219 2804 1248 2838 G
1286 2803 1291 2846 Ι
1337 2804 1387 2838 26
1422 2802 1515 2835 nack
1547 2800 1683 2835 certavi
1710 2804 1751 2840 -Ι-
1777 2809 1919 2832 murum
1943 2796 1988 2831 M
2021 2796 2026 2840 Ι

300 2863 346 2897 27
381 2861 538 2896 iustitiae
570 2873 703 2897 corona
732 2875 778 2892 m
809 2861 852 2895 M
890 2863 894 2904 Ι
940 2862 991 2895 30
1027 2860 1214 2906 galatham
1244 2859 1290 2894 M
1327 2860 1330 2903 Ι
1377 2858 1490 2900 30s31
1528 2858 1569 2891 ut
1606 2856 1678 2890 cito
1714 2866 1780 2890 nos
1816 2852 2024 2895 transferas]

298 2919 386 2953 uicit
410 2930 429 2953 o
455 2920 594 2952 nostras
618 2918 711 2953 feras
741 2918 771 2952 O
