2164 3406
210 874 252 905 Ἡ)

218 2190 260 2223 30

273 165 323 203 60
1018 160 1261 204 Hegemonius

273 272 472 325 plurimos
517 274 724 314 deterrens
769 273 1030 326 arrogantiae
1059 276 1172 314 metu
1214 288 1296 327 quo
1328 276 1389 315 est
1426 274 1514 326 ipse
1550 275 1853 317 circumdatus?
1894 276 2002 317 Aliis

274 339 444 379 adhibet
473 339 604 380 minas
635 339 773 380 vultus
805 339 867 379 sui
901 339 1177 390 conversione,
1211 340 1535 382 circumdatione
1561 340 1764 390 ludificat3
1796 344 1866 383 sed
1892 343 2002 383 ultra

276 419 359 446 non
406 404 606 457 proficiet,
636 408 866 456 ‘inszfflentia
895 408 999 445 enim
1030 408 1115 445 eius
1144 409 1328 446 omnibus
1350 409 1577 457 perculyata
1607 411 1686 457 erit,
1717 408 1823 448 sicut
1854 407 2000 450 Iannes

277 473 316 511 et
346 470 564 512 Mambres.

386 536 488 577 XLI.
518 537 692 577 Irnions
722 549 967 577 nixERUNT:
999 535 1116 577 Sicut
1137 551 1186 577 ex
1206 540 1245 577 te
1272 537 1558 591 comperimus,
1580 541 1792 592 tamquam
1815 540 2004 592 apostolo

277 602 407 643 Paulo
439 602 609 653 dicente,
640 601 807 654 insuper
838 601 960 642 etiam
991 601 1042 642 ab
1065 602 1281 654 euangelio
1302 603 1617 655 praescribente,
1648 604 1753 645 nulli
1774 605 1898 647 alicui
1920 605 2004 659 <in>

277 670 488 721 posterum
530 667 750 720 praebetur
790 667 1001 720 ingressus
1044 669 1094 707 ad
1136 668 1457 720 praedicandum
1493 669 1558 709 vel
1594 671 1825 711 docendum
1860 671 1927 712 vel
1956 673 2006 711 ad

279 733 648 785 euangelizandum
667 733 732 773 vel
753 734 1096 786 prophetandum,
1126 734 1169 773 in
1190 734 1266 774 hac
1289 734 1372 774 vita
1394 736 1617 783 dumtaxat,
1648 736 1727 777 nisi
1748 736 1855 777 forte
1876 736 2006 777 falsus

278 801 479 853 propheta
519 799 720 839 habeatur
761 801 832 839 aut
872 799 1000 840 falsus
1044 799 1242 840 Christus.
1299 799 1421 840 Unde
1464 815 1557 841 cum
1600 801 1750 842 dixeris
1791 802 1834 842 in
1875 802 2005 843 Paulo
2032 814 2054 847 2

278 866 404 906 fuisse
433 865 689 919 paracletum
722 868 761 905 et
790 865 925 917 ipsum
964 866 1101 906 onmia
1138 866 1422 919 consignasse,
1465 880 1593 920 quare
1635 867 1755 909 dixit:
1799 872 1862 909 Eos
1895 876 2008 920 parte

278 935 426 972 scimus
456 938 489 972 et
517 947 561 971 eso
583 938 693 982 pso-te
716 934 1019 983 proplzecamzcs;
1049 947 1140 971 eum
1169 938 1299 972 (aufem
1328 936 1473 972 venerit
1502 936 1605 984 quod
1627 937 1842 985 perfectum
1872 941 1936 984 est,
1967 938 2009 975 id

278 1000 381 1049 quod
409 1013 453 1038 ea:
479 1004 588 1048 parte
618 1004 673 1037 est
700 1000 945 1037 destruetur?
977 996 1106 1044 Quem
1137 997 1264 1038 alium
1295 1000 1514 1051 expectans
1544 999 1624 1039 hoc
1654 999 1782 1040 dixit?
1824 999 1943 1048 Quod
1974 1001 2008 1040 si
2033 1008 2056 1042 3

278 1065 366 1118 ipse
404 1063 624 1104 confitetur
664 1065 878 1115 expectare
915 1077 957 1102 se
995 1062 1174 1115 aliquem
1217 1063 1447 1117 perfectum
1491 1067 1530 1104 et
1571 1065 1606 1105 si
1647 1066 1784 1106 venire
1827 1065 2006 1119 aliquem

280 1144 445 1171 necesse
477 1132 546 1179 est,
579 1131 749 1170 ostende
780 1128 901 1169 nobis
933 1130 980 1168 de
1013 1143 1094 1181 quo
1127 1129 1253 1179 dicat,
1284 1143 1333 1169 ne
1364 1130 1470 1170 forte
1500 1130 1543 1170 in
1573 1131 1682 1171 huno
1711 1131 1901 1173 videatur
1929 1133 2007 1173 iste

235 1203 250 1232 Γ
281 1210 413 1238 sermo
450 1209 658 1236 recurrere
700 1197 771 1235 aut
806 1194 847 1234 in
879 1209 971 1235 eum
1004 1194 1071 1247 qui
1104 1195 1220 1235 misit
1248 1194 1383 1236 illum:
1427 1194 1625 1247 Satanan,
1668 1197 1775 1237 sicut
1815 1201 1860 1238 tu
1897 1198 2009 1239 dicis.

282 1262 325 1302 Si
356 1262 463 1302 enim
497 1260 706 1302 confiteris
736 1262 957 1300 venturum
988 1275 1075 1300 esse
1106 1261 1216 1313 quod
1248 1261 1477 1313 perfectum
1514 1264 1590 1313 est,
1632 1277 1714 1303 non
1755 1265 1891 1315 potest
1923 1278 2010 1304 esse

282 1327 471 1371 Satanas:
527 1327 561 1367 si
609 1329 747 1367 autem
801 1325 996 1366 Satanan]
1051 1330 1259 1379 expectas,
1315 1342 1398 1368 non
1446 1330 1584 1380 potest
1632 1342 1720 1368 esse
1767 1329 2008 1381 perfectum.

283 1392 521 1446 (XXXVII.)
572 1393 839 1432 ARCHELAUS
868 1405 1011 1432 DixiT:
1062 1391 1266 1440 Quoniam
1297 1407 1379 1433 non
1411 1392 1496 1433 sine
1528 1394 1602 1434 deo
1641 1393 1749 1434 dicta
1779 1397 1874 1435 sunt
1904 1409 2009 1448 quae
2034 1401 2058 1436 4

282 1475 303 1499 a
334 1461 454 1500 beato
486 1458 614 1499 Paulo
644 1458 807 1511 prolata
835 1460 947 1508 sunt,
986 1460 1142 1498 eertum
1175 1461 1236 1499 est
1266 1460 1378 1512 quod
1409 1459 1622 1500 dominum
1652 1462 1841 1500 nostrum
1873 1459 2010 1501 lesum

284 1525 494 1566 Christum
527 1524 674 1565 dixerit
705 1525 1004 1577 expectandum
1036 1538 1124 1564 esse
1153 1523 1400 1576 perfectum,
1442 1526 1513 1578 qui
1550 1524 1662 1566 solus
1692 1528 1853 1578 patrem
1882 1527 2010 1577 novit,

283 1595 322 1632 et
354 1592 419 1633 cui
448 1590 625 1631 voluerit
653 1589 846 1640 revelare,
877 1590 984 1630 sicut
1012 1604 1183 1642 possum
1215 1604 1263 1630 ex
1284 1589 1419 1630 verbis
1440 1590 1571 1643 ipsius
1594 1592 1885 1633 demonstrare.
1929 1592 2010 1633 Sed
2036 1596 2058 1632 5

283 1658 390 1711 quia,
422 1672 514 1698 cum
544 1656 703 1697 venerit
732 1657 844 1709 quod
873 1655 1103 1708 perfectum
1133 1656 1203 1705 est,
1237 1657 1471 1696 destruetur
1499 1656 1540 1696 id
1572 1659 1683 1711 quod
1713 1672 1761 1698 ex
1791 1661 1907 1710 parte
1940 1661 2011 1707 est,

283 1725 360 1764 iste
391 1738 487 1764 vero
519 1737 606 1763 sese
634 1724 847 1763 adseverat
877 1735 963 1761 esse
994 1721 1239 1773 perfectum,
1283 1722 1382 1774 quid
1421 1723 1622 1763 destruxit
1651 1725 1856 1771 ostendat;
1900 1726 2012 1777 quod

285 1790 393 1830 enim
425 1790 674 1838 destruetur,
717 1787 953 1841 ignorantia
994 1789 1055 1827 est
1097 1801 1201 1840 quae
1231 1786 1273 1826 in
1305 1788 1423 1828 nobis
1455 1791 1526 1829 est.
1583 1788 1707 1829 Dicat
1747 1788 1876 1842 igitur
1912 1789 2011 1842 quid

284 1856 503 1905 destruxit,
541 1853 640 1907 quid
668 1854 712 1894 in
742 1853 931 1893 notitiam
961 1851 1142 1905 pertulit.
1200 1852 1243 1893 Si
1280 1853 1379 1906 quid
1415 1853 1548 1893 facere
1589 1856 1741 1906 potest,
1783 1855 1924 1905 faciat,
1965 1858 2012 1896 ut

284 1922 395 1962 credi
426 1920 462 1961 ei
492 1920 633 1972 possit.
694 1918 835 1959 Sermo
866 1933 964 1959 vero
995 1919 1072 1959 iste
1104 1922 1301 1971 quantam
1331 1918 1481 1959 habeat
1510 1920 1722 1971 virtutem,
1765 1920 1800 1961 si
1829 1922 2012 1974 potuerit
2037 1924 2060 1957 6

285 1987 507 2040 diligenter
547 1985 748 2037 intellegi,
792 1984 850 2025 ita
891 1984 1054 2025 demum
1093 1985 1203 2025 credi
1244 1985 1400 2038 poterit
1434 1985 1498 2025 his
1541 1999 1646 2038 quae
1689 2001 1711 2025 a
1752 2001 1817 2026 me
1858 1987 2012 2027 fuerint

284 2053 458 2093 adserta.
517 2051 650 2104 Igitur
684 2052 727 2091 in
762 2050 894 2103 prima
924 2052 974 2090 ad
1006 2050 1243 2092 Corinthios
1285 2050 1462 2104 epistula
1503 2051 1605 2091 haec
1646 2050 1747 2091 dicit
1777 2051 1931 2092 Paulus
1963 2053 2011 2092 de

285 2120 469 2172 perfecto
501 2119 572 2171 qui
592 2119 789 2157 venturus
821 2119 898 2157 est:
932 2119 1019 2157 Sive
1032 2120 1269 2168 prophetiae,
1301 2120 1555 2166 deser-uenam,
1587 2120 1665 2157 sive
1691 2120 1858 2168 linquae,
1889 2132 2011 2157 cessa·
2041 2123 2057 2156 7

285 2188 395 2234 bzmt,
436 2188 513 2224 siz-e
555 2186 731 2233 seientia,
762 2186 997 2232 (Ieslrzcetzcr;
1040 2198 1084 2223 ea:
1122 2189 1229 2234 parte
1264 2185 1371 2222 enim
1407 2185 1555 2222 scimus
1585 2189 1617 2222 et
1646 2198 1690 2223 ea:
1716 2190 1823 2234 parte
1844 2186 2012 2234 prophe-

287 2258 425 2291 tamus.
499 2253 595 2290 Cum
643 2256 772 2289 autem
811 2252 954 2288 venerit
996 2251 1099 2300 quod
1133 2252 1345 2299 perfeetum
1389 2254 1457 2297 est,
1507 2251 1546 2288 id
1586 2251 1691 2299 quod
1730 2264 1775 2289 επ
1808 2255 1921 2300 parte
1960 2254 2016 2288 est

399 2359 421 2392 3
451 2358 479 2390 Π
505 2357 595 2390 Tim.
621 2359 651 2399 3,
676 2359 706 2392 e.
734 2358 753 2391 ς)
780 2377 819 2381 -
847 2358 898 2391 10
923 2357 937 2389 I
964 2357 1046 2390 xor.
1074 2358 1124 2399 13,
1150 2358 1180 2391 9.
1208 2358 1250 2391 io
1274 2375 1316 2379 —
1343 2356 1394 2390 20
1419 2356 1549 2390 Mathia.
1569 2358 1620 2396 11,
1638 2357 1691 2390 27.
1728 2356 1816 2389 Luk.
1842 2357 1894 2396 10,
1912 2356 1954 2389 22
1972 2375 2014 2379 —

287 2414 336 2448 ιη)
363 2414 377 2446 1
404 2414 486 2448 xor.
515 2415 566 2455 13,
591 2413 701 2447 saeio

403 2512 475 2546 CM

402 2591 420 2625 1
449 2590 531 2633 quo]
558 2590 729 2631 Zacamei,
754 2590 850 2633 quod
882 2589 952 2623 CM
990 2590 994 2633 Ι
1040 2591 1062 2624 2
1089 2589 1239 2624 adhibet
1266 2618 1270 2623 .
1299 2618 1305 2624 .
1331 2589 1508 2633 ludificat]
1534 2589 1590 2622 die
1616 2589 1717 2622 Stelle
1742 2588 1789 2622 ist
1813 2588 1982 2622 unsielzer
2011 2589 2014 2632 Ι

289 2647 312 2680 3
350 2646 579 2690 insipientiae
608 2646 637 2680 O
678 2648 682 2687 Ι
726 2646 819 2679 nacla
854 2647 946 2679 sicut
971 2650 1011 2686 -Ι-
1037 2645 1107 2680 fuit
1137 2645 1182 2679 M
1221 2645 1224 2688 Ι
1269 2645 1293 2679 4
1318 2645 1456 2679 iamnes
1487 2644 1557 2679 OM
1595 2645 1599 2687 Ι
1645 2645 1704 2686 6s7
1734 2644 1841 2678 alicui
1873 2644 1910 2677 in
1935 2656 2013 2689 pos-

286 2701 415 2744 terum]
443 2713 463 2734 a
488 2701 549 2744 qui
574 2702 755 2746 posterum
793 2702 828 2745 (Ἰι
863 2701 976 2744 yleielz
1007 2712 1074 2735 aus
1098 2701 1139 2741 b;
1176 2702 1280 2743 corr.)
1311 2701 1354 2742 O,
1385 2700 1494 2734 alicui
1519 2701 1701 2744 posterum
1726 2699 1774 2740 M,
1812 2699 1876 2733 alii
1902 2711 2015 2743 aeque

287 2757 324 2791 in
349 2759 532 2801 posterum
556 2757 719 2799 Zaeafflzz'
762 2759 766 2801 l
812 2757 859 2792 11
894 2758 1013 2791 autem
1038 2758 1178 2792 venerit
1200 2770 1246 2787 ω
1271 2757 1315 2790 M
1353 2759 1358 2799 Ι
1404 2757 1453 2790 13
1485 2757 1647 2800 spectare
1676 2755 1705 2790 G
1745 2756 1749 2799 Ι
1794 2755 1954 2799 aliquem
1978 2766 2015 2789 se

288 2812 332 2846 Μ
350 2826 395 2844 Ν
421 2813 464 2846 M
470 2815 482 2836 2
519 2813 521 2856 Ι
561 2813 609 2848 15
635 2814 800 2847 satanam
829 2813 858 2847 C
887 2813 890 2855 Ι
923 2812 974 2855 tu]
1002 2814 1018 2846 t
1041 2812 1214 2846 viellez'elzt
1237 2812 1370 2846 a.R(cs.
1395 2812 1424 2846 C
1458 2812 1461 2854 Ι
1506 2811 1597 2844 nacla
1622 2810 1711 2844 dicis
1735 2811 1812 2845 eine
1835 2810 1922 2845 Ras.
1948 2822 2015 2844 von

287 2872 371 2902 eta-cc
389 2869 564 2911 siinfxelm
577 2869 731 2908 Buclzst„
746 2868 1041 2902 muln-schedulam
1057 2867 1105 2901 ist
1124 2867 1310 2902 archelaus
1327 2867 1420 2902 dixit
1436 2866 1641 2902 ausradz'ert
1659 2867 1688 2901 G
1716 2867 1720 2910 Ι
1755 2867 1806 2901 24
1820 2865 2015 2901 destruitur

288 2923 333 2956 JI
371 2924 375 2966 Ι
421 2923 518 2967 quid]
546 2925 607 2967 qui
637 2925 665 2959 C
695 2925 699 2967 Ι
745 2925 792 2959 ⁶3?
821 2924 1028 2968 diligenter]
1057 2923 1108 2956 dil
1133 2935 1164 2957 α.
1191 2923 1276 2956 Bas.
1303 2923 1347 2956 M
1375 2925 1379 2966 Ι
1413 2923 1463 2957 29
1489 2922 1563 2956 sive
1589 2922 1695 2965 (nack
1720 2922 1801 2966 est)]
1829 2921 1859 2955 si
1881 2932 1967 2956 uero
1988 2921 2018 2956 O
