2164 3406
199 879 236 910 lo

196 1205 238 1237 15

197 1528 240 1563 20

200 1860 242 1893 25

261 174 308 203 ”·)
1001 165 1245 209 Hegemonius

260 192 309 210 ι)...

260 279 293 318 31
325 293 373 318 ex
408 281 592 330 tempore
633 276 825 329 plasmati
860 277 1040 318 hominis
1081 276 1262 317 malitiae
1305 276 1390 316 eius
1426 278 1549 317 homo
1586 290 1707 316 eausa
1738 278 1824 317 est?
1872 275 1982 329 Lege

260 347 397 384 autem
434 358 481 384 ae
510 345 728 396 praecepto
760 342 837 382 sibi
880 344 991 391 dato,
1034 343 1157 383 homo
1198 344 1362 395 poterat
1401 356 1663 395 nequaquam
1699 341 1982 394 obtemperare

262 409 441 462 serpenti
471 413 510 449 et
539 408 601 448 his
633 422 736 460 quae
767 409 817 448 ab
849 422 894 448 eo
926 408 1181 457 dicebantur3
1213 408 1278 448 cui
1308 408 1343 448 si
1372 423 1454 449 non
1491 407 1816 459 obtemperasset
1845 407 1982 456 homo,

263 489 343 528 qua
373 489 422 514 ex
453 489 575 514 eausa
604 473 735 513 malus
766 473 937 513 fuisset?
969 472 1088 521 Quod
1118 473 1152 514 si
1172 473 1406 526 ingenitum
1427 476 1488 514 est
1516 472 1682 523 malum,
1713 475 1752 513 et
1773 474 1981 526 quomodo

261 540 467 580 interdum
496 540 618 581 homo
650 539 797 579 fortior
825 538 898 579 illo
929 538 1161 580 invenitur?
1211 538 1509 591 Obtemperans
1551 538 1660 578 enim
1694 537 1887 578 mandato
1919 537 1983 578 dei
2011 542 2029 577 7

262 606 497 659 frequenter
525 605 656 644 vineit
685 618 848 644 omnem
878 603 1062 644 malitiae
1093 604 1288 653 radicem
1321 606 1360 644 et
1389 602 1610 643 ridiculum
1639 605 1710 652 est,
1739 602 1774 643 si
1802 603 1880 644 iste
1911 603 1984 656 qui

261 672 420 711 factura
451 673 511 710 est
540 669 688 711 fortior
717 669 950 709 inveniatur
978 668 1178 722 ingenito.
1235 669 1361 710 Cuius
1392 671 1530 709 autem
1561 671 1622 708 est
1649 668 1716 709 lex
1747 671 1787 708 et
1816 670 1983 708 manda-

261 740 374 777 tum?
421 735 524 775 illud
561 736 652 776 dieo
684 737 796 788 quod
825 733 984 775 homini
1013 736 1156 775 datum
1186 737 1258 775 est.
1308 733 1404 774 Sine
1446 733 1570 773 dubio
1612 733 1877 774 confitebitur
1919 734 1984 774 dei

263 816 360 843 esse.
417 800 471 840 Et
501 801 708 854 quomodo
739 802 875 852 potest
905 800 992 840 dari
1021 800 1088 840 lex
1118 800 1279 841 alieno?
1310 802 1381 840 aut
1409 799 1577 840 inimico
1610 799 1701 852 quis
1731 802 1868 851 potest
1888 800 1984 839 dare
2010 806 2033 841 8

261 869 550 920 praeceptum?
580 866 667 906 Aut
696 865 767 906 ille
797 866 869 919 qui
899 866 1048 918 accipit
1077 868 1354 918 praeceptum⁷
1385 866 1594 918 quomodo
1625 866 1761 917 potest
1791 866 1985 905 adversus

261 932 491 981 diabolum,
521 932 565 971 id
596 934 673 981 est,
703 933 897 972 adversus
929 935 1153 972 creatorem
1189 946 1309 972 suum
1339 943 1540 984 pugnare,
1569 933 1782 983 tamquam
1812 931 1847 970 si
1876 930 1986 971 filius

262 998 380 1051 patri,
411 1011 504 1038 eum
534 996 828 1037 beneficiorum
860 997 1022 1037 debitor
1051 997 1114 1046 sit,
1144 997 1336 1050 inrogare
1365 995 1464 1036 velit
1498 995 1696 1037 iniurias?
1744 995 1807 1036 Ita
1836 996 1880 1036 in
1909 997 1986 1036 hae

261 1066 376 1117 parte
405 1062 673 1103 inutilitatem
702 1061 880 1103 hominis
902 1062 1105 1115 designas,
1136 1062 1170 1103 si
1190 1077 1263 1115 per
1282 1062 1416 1115 legem
1439 1064 1479 1103 et
1498 1063 1740 1102 mandatum
1770 1063 1986 1102 adversum

264 1144 356 1171 eum
387 1129 457 1181 qui
487 1143 529 1168 se
558 1127 833 1181 plasmaverit,
864 1127 1032 1168 dimicet
1062 1131 1185 1181 atque
1216 1143 1309 1169 eum
1340 1127 1504 1168 vineere
1526 1130 1706 1168 conetur.
1755 1126 1803 1167 In
1822 1129 1986 1167 tantum
2011 1133 2033 1166 9

264 1196 371 1236 enim
413 1193 651 1235 stoliditatis
693 1206 958 1247 progressum
1000 1208 1086 1234 esse
1126 1194 1263 1247 ipsum
1312 1192 1522 1233 diabolum
1568 1193 1824 1245 putabimus,
1874 1195 1986 1245 quod

264 1263 479 1302 adversum
509 1274 550 1300 se
580 1258 790 1299 hominem
821 1273 863 1299 se
899 1259 1045 1299 fecisse
1075 1274 1159 1300 non
1189 1258 1382 1308 senserit,
1408 1272 1483 1299 nee
1513 1258 1847 1298 animadverterit
1875 1260 1987 1311 quod
2019 1283 2022 1286 -

263 1328 448 1366 futurum
490 1326 612 1374 esset,
654 1339 729 1365 nee
758 1324 984 1377 providerit
1021 1326 1132 1377 quod
1167 1324 1436 1376 sequebatur3
1478 1337 1571 1364 011111
1613 1323 1734 1363 etiam
1773 1323 1816 1363 in
1857 1323 1987 1374 nobis,

266 1392 336 1444 qui
366 1392 526 1431 faetura
556 1404 707 1440 sumus,
738 1390 791 1431 sit
820 1389 959 1443 aliqua
988 1390 1055 1431 vel
1083 1405 1210 1443 parva
1239 1389 1429 1438 seientia,
1458 1389 1566 1429 inest
1597 1391 1636 1428 et
1666 1387 1823 1441 aliquid
1852 1389 1988 1441 provi-

265 1457 425 1497 dentiae
456 1460 495 1497 et
515 1456 829 1497 existimationis
855 1470 1168 1509 nonnumquam
1194 1457 1354 1496 certae?
1400 1454 1456 1495 Et
1486 1455 1694 1507 quomodo
1723 1454 1908 1507 ingenito
1937 1469 1988 1494 ne
2015 1458 2065 1492 10

266 1523 461 1575 exiguum
498 1522 664 1574 quidem
692 1521 974 1574 providentiae
1004 1521 1131 1562 fuisse
1168 1520 1371 1562 eredimus
1399 1534 1534 1572 neque
1571 1518 1887 1559 existimationis
1917 1522 1989 1559 aut

265 1587 523 1628 intellectus?
572 1586 653 1627 Sed
679 1586 941 1627 brutissimus
977 1601 1098 1628 sensu
1135 1590 1175 1627 et
1204 1585 1458 1627 obtusissimi
1484 1585 1618 1625 cordis
1651 1587 1690 1625 et
1719 1586 1890 1625 naturae
1919 1599 1988 1637 pe-

267 1652 372 1693 eoris
412 1652 619 1692 invenitur
659 1651 884 1693 seeundum
925 1653 1215 1702 adsertionem,
1255 1651 1465 1699 videlieet,
1507 1653 1632 1691 tuam.
1696 1649 1817 1699 Quod
1856 1650 1890 1690 si
1930 1651 1990 1690 ita
2015 1657 2061 1690 11

268 1720 337 1766 est,
381 1719 589 1770 quomodo
620 1718 761 1767 homo⁷
792 1719 864 1770 qui
894 1718 1062 1770 ingenio
1094 1720 1219 1770 atque
1250 1716 1423 1757 seientia
1451 1730 1535 1757 non
1564 1730 1711 1769 parum
1750 1714 1895 1768 pollet,
1936 1716 1988 1755 ab

268 1798 326 1833 eo,
357 1784 428 1837 qui
456 1783 625 1836 ignarus
656 1783 840 1823 omnium
877 1785 1002 1836 atque
1037 1785 1161 1824 hebes
1196 1797 1320 1824 sensu
1364 1785 1441 1832 est,
1481 1782 1619 1834 potuit
1659 1780 1864 1833 accepisse
1894 1781 1990 1821 sub-

267 1849 487 1889 stantiam?
536 1848 752 1896 Quomodo
793 1849 1078 1889 huiuseemodi
1119 1848 1296 1890 auctoris
1334 1861 1437 1900 opus
1469 1861 1554 1887 esse
1584 1846 1792 1887 hominem
1822 1845 1990 1886 audebit

268 1914 418 1967 aliquis
447 1913 661 1954 confiteri?

375 1978 484 2020 XXI.
515 1978 633 2026 Quod
663 1979 697 2020 si
727 1980 849 2020 homo
881 1979 1015 2019 anima
1035 1983 1098 2020 est
1129 1982 1169 2019 et
1199 1993 1357 2032 eorpus,
1388 1982 1428 2019 et
1456 1993 1539 2020 non
1569 1977 1704 2019 solum
1725 1991 1874 2029 eorpus
1902 1977 1989 2017 sine

267 2045 418 2096 anima,
458 2059 561 2098 quae
597 2045 684 2085 sine
714 2059 756 2085 se
786 2044 962 2084 invicem
993 2043 1215 2085 subsistere
1245 2059 1329 2086 non
1358 2046 1549 2096 possunt,
1591 2056 1716 2095 quare
1747 2056 1793 2082 ea
1821 2041 1990 2082 inimica

267 2111 431 2151 sibimet
472 2111 582 2151 dices
619 2113 658 2151 et
689 2108 919 2152 contraria?
968 2108 1143 2151 Videtur
1185 2111 1292 2151 enim
1333 2108 1436 2150 mihi
1477 2107 1668 2150 dominus
1708 2110 1848 2148 noster
1876 2105 1989 2148 Iesus

230 2184 235 2217 ζ
269 2176 453 2218 Christus
484 2178 533 2216 de
563 2175 625 2216 his
657 2176 808 2217 dixisse
837 2190 912 2228 per
936 2175 1171 2228 parabolas:
1202 2179 1326 2216 Nemo
1350 2180 1476 2226 potest
1494 2177 1635 2214 vinum
1654 2188 1803 2214 novum
1821 2176 1868 2213 in
1885 2180 1991 2213 utor-es

269 2249 403 2283 veteres
430 2246 587 2291 mittere)
617 2244 796 2293 alioqum
825 2247 1057 2292 rumpentur
1085 2248 1192 2282 utres
1221 2248 1255 2282 et
1280 2244 1420 2281 vinum
1449 2241 1675 2291 effundetur.
1737 2238 1817 2279 Sed
1848 2239 1990 2279 vinum
2015 2241 2038 2276 2

268 2322 421 2348 novum
450 2307 493 2347 in
523 2310 635 2347 utres
666 2321 795 2348 novos
826 2306 1074 2347 mittendum
1105 2310 1182 2355 est,
1221 2306 1418 2360 quoniam
1455 2305 1623 2357 quidem
1658 2303 1768 2344 idem
1798 2303 1991 2344 dominus

379 2393 426 2427 30
453 2393 582 2427 Matth.
609 2394 638 2435 9,
666 2395 716 2427 17.
759 2393 875 2428 Mark.
901 2395 930 2434 ⁶2,
957 2395 1010 2428 22.
1052 2393 1139 2427 Luk.
1166 2395 1196 2435 5,
1222 2395 1264 2427 3?

389 2460 461 2494 OM
1253 2494 1260 2498 ,
1712 2495 1714 2497 ,

383 2527 402 2560 1
430 2526 536 2560 homo
562 2533 603 2564 <
629 2527 671 2560 M
700 2527 703 2569 l
746 2526 851 2571 lege]
877 2538 944 2560 aas
968 2527 1087 2571 legem
1112 2537 1200 2560 corr.
1231 2526 1260 2560 Ο
1289 2526 1293 2569 l
1326 2525 1349 2560 2
1375 2526 1484 2559 homo
1509 2524 1594 2558 dato
1609 2524 1653 2557 M
1681 2524 1685 2567 Ι
1718 2523 1742 2557 3
1768 2522 1991 2567 dicebantur]

270 2581 553 2626 praecipiebatur
578 2582 622 2615 M
660 2583 664 2624 Ι
708 2583 730 2616 6
760 2582 882 2616 uincet
911 2583 940 2616 O
979 2585 984 2626 Ι
1029 2593 1134 2616 omne
1158 2581 1201 2614 M
1241 2582 1245 2624 Ι
1292 2582 1309 2616 7
1339 2579 1561 2623 mandatum]
1588 2579 1817 2624 praeceptum
1841 2577 1886 2611 M
1919 2578 1922 2620 Ι
1967 2578 1991 2612 9

272 2637 333 2680 qui
357 2636 400 2669 M
439 2638 443 2679 Ι
489 2636 537 2671 13
563 2637 800 2671 inutilitatem
827 2663 833 2670 .
860 2665 867 2672 .
894 2665 901 2671 .
927 2637 1106 2682 designas]
1131 2636 1379 2672 inuenientem
1402 2634 1560 2670 hominis
1586 2634 1792 2678 designasse
1818 2633 1862 2666 M
1890 2633 1894 2676 Ι
1931 2633 1991 2667 ad-

271 2702 392 2725 uersus
423 2692 451 2726 G
490 2692 494 2734 l
541 2692 589 2726 14
616 2703 652 2726 se
676 2699 718 2730 <
748 2692 778 2727 O
817 2694 822 2736 Ι
866 2692 1026 2736 dimicet]
1052 2692 1149 2727 dicet
1178 2692 1207 2727 Ο
1248 2693 1253 2734 1
1298 2692 1346 2727 15
1379 2690 1486 2733 enim]
1522 2692 1644 2724 autem
1667 2688 1709 2721 M
1750 2689 1754 2730 l
1797 2687 1991 2723 soliditatis

272 2747 315 2779 Μ
342 2747 346 2789 l
385 2747 432 2781 16
456 2758 492 2780 se
517 2747 622 2790 (mecla
645 2747 840 2791 hominem)
867 2754 909 2786 <
938 2748 968 2783 Ο
997 2750 1001 2792 1
1037 2749 1081 2783 17
1112 2747 1215 2792 esset]
1241 2748 1295 2781 est
1319 2747 1363 2781 M
1390 2748 1395 2790 Ι
1426 2744 1623 2790 preuiderit
1647 2743 1693 2777 M
1718 2744 1723 2787 Ι
1758 2743 1806 2778 18
1832 2745 1868 2778 et
1892 2750 1935 2782 <
1953 2743 1997 2778 M

272 2803 275 2844 ἓ
318 2803 366 2837 19
393 2804 428 2836 et
452 2802 741 2847 existimationis]
767 2814 809 2837 ex
834 2803 889 2837 his
914 2802 1228 2848 temptationesM
1257 2802 1260 2845 Ι
1293 2803 1330 2836 et
1348 2808 1390 2840 <
1407 2800 1452 2835 M
1478 2803 1483 2845 1
1525 2801 1571 2835 21
1596 2798 1794 2833 brutissimi
1813 2810 1934 2833 sensus
1952 2798 1997 2832 M

272 2858 274 2901 j
309 2857 360 2892 23
384 2857 492 2892 homo
518 2864 560 2896 <
584 2857 629 2891 M
658 2859 662 2902 l
701 2859 750 2894 28
776 2869 812 2892 se
836 2858 1003 2903 invieem]
1028 2858 1184 2892 inuicem
1207 2857 1393 2891 hominem
1405 2855 1450 2889 M
1476 2857 1481 2899 Ι
1516 2856 1567 2890 29
1593 2854 1682 2889 dieis
1696 2854 1738 2887 Μ
1767 2856 1771 2898 l
1805 2854 1851 2889 30
1875 2853 1991 2898 nemo]

272 2925 295 2945 n
319 2924 386 2946 aus
411 2925 446 2946 m
469 2924 559 2948 corr.
589 2914 618 2948 O
653 2914 656 2957 Ι
694 2913 787 2947 nacla
810 2915 933 2957 potest
957 2918 998 2953 -ὶ-
1023 2913 1167 2948 mittere
1190 2912 1236 2946 M
1263 2914 1268 2956 l
1301 2912 1349 2947 31
1378 2911 1520 2946 mittere
1545 2917 1587 2948 <
1611 2910 1655 2944 M
1681 2909 1689 2955 Ι
1719 2910 1930 2954 rumpuntur
1953 2909 1998 2942 M
