2164 3406
176 869 218 901 ll)

175 1527 218 1560 20

243 168 263 203 4
271 167 292 203 4
990 154 1233 198 Hegemonius

244 271 449 312 custodire
480 284 527 310 ac
557 281 698 322 regere
728 267 1011 315 substantiam,
1055 265 1161 307 sicut
1191 266 1473 316 susceperant,
1517 265 1556 302 et
1586 260 1742 315 perfrui
1771 261 1891 302 bonis
1930 263 1970 300 et

244 337 445 377 fructibus
476 335 555 388 ipsi
585 334 743 375 domini
770 334 1022 385 heredesque
1053 330 1249 372 derelicti.
1299 330 1342 370 Si
1374 329 1445 382 qui
1474 343 1616 368 verum
1647 342 1695 367 ex
1725 328 1815 380 agri
1845 327 1968 368 huius

243 403 445 443 fructibus
472 401 681 454 percipere
704 401 877 451 rogaret,
908 398 1171 450 indulgenter
1190 397 1450 449 praeberent;
1481 394 1544 435 sin
1565 396 1701 434 autem
1724 394 1967 434 coheredem

243 484 283 508 se
315 469 454 508 dicens
493 468 745 519 exposceret,
778 465 1007 504 devitarent
1036 463 1232 516 persequi
1262 460 1427 514 (atque)
1458 460 1640 500 alienum
1670 473 1756 500 esse
1784 474 1966 512 pronun-

242 535 408 582 tiarent3
439 548 542 586 opus
572 535 709 572 autem
740 528 871 582 magis
901 529 1035 569 facere
1066 528 1213 569 debere
1235 542 1327 568 eum
1350 526 1421 579 qui
1441 526 1570 578 recipi
1590 524 1700 566 velit.
1749 525 1967 574 Quomodo

244 613 353 653 ergo,
385 599 447 639 his
480 598 671 639 omnibus
703 597 805 636 bene
836 598 1026 647 recteque
1060 594 1271 646 dispositis
1302 595 1342 633 et
1378 591 1543 633 statutis
1580 605 1628 631 ac
1656 590 1835 643 plurimo
1866 593 1967 631 tem-

242 680 340 718 pore
370 666 412 704 in
443 679 489 705 eo
520 666 630 703 statu
666 661 1039 714 perseverantibus,
1081 674 1175 699 eum
1218 659 1289 711 qui
1319 660 1414 711 post
1443 660 1649 697 trecentos
1679 657 1807 697 ferme
1838 671 1967 697 annos

244 732 398 771 venerit
431 733 470 770 et
501 730 693 769 heredem
721 741 808 767 esse
830 741 871 767 se
904 726 1120 767 confirmet
1149 740 1231 765 non
1254 723 1506 764 abiciemus?
1541 721 1640 763 Non
1660 722 1768 762 iuste
1789 722 1970 762 alienum

242 796 606 850 pronuntiabimus
644 794 714 846 qui
751 807 826 833 nec
861 793 909 831 de
940 791 1184 844 propinquis
1215 804 1257 830 Se
1289 804 1377 830 esse
1419 788 1616 837 ostendit,
1659 788 1731 841 qui
1774 788 1968 828 defuncto

242 866 382 903 nostro
414 877 494 902 non
527 859 705 900 adfuerit
735 857 983 910 aegrotanti,
1015 857 1087 909 qui
1124 858 1167 897 in
1198 855 1392 909 exequias
1422 869 1504 896 non
1534 854 1628 894 ierit
1658 852 1865 901 crucifixo,
1898 852 1970 905 qui

242 927 459 981 sepulchro
490 941 572 966 non
604 923 824 973 adstiterit,
856 923 928 976 qui
958 924 1126 964 omnino
1157 923 1315 963 nesciat
1345 921 1555 974 quomodo
1587 922 1657 959 aut
1695 918 1871 972 qualiter
1903 920 1970 958 de-

242 994 408 1033 functus
439 995 510 1042 est,
539 992 609 1044 qui
641 990 817 1042 denique
838 989 1078 1029 thesaurum
1099 987 1295 1028 frumenti
1315 986 1477 1039 ingredi
1499 985 1649 1038 cupiat,
1679 984 1793 1025 nullo
1814 983 1968 1024 indicio

243 1058 378 1099 delato
409 1058 459 1097 ab
491 1072 537 1098 eo
569 1057 641 1109 qui
672 1054 979 1108 obsignaverit?
1010 1052 1161 1094 Nonne
1193 1068 1285 1093 eum
1306 1055 1520 1105 tamquam
1541 1051 1745 1092 latronem
1775 1053 1815 1090 et
1835 1049 1969 1089 furem

243 1124 466 1164 abiciemus
509 1137 557 1163 ac
597 1122 730 1162 modis
774 1120 965 1161 omnibus
1007 1118 1287 1171 expellemus?
1336 1118 1452 1159 Haec
1482 1118 1610 1171 igitur
1640 1117 1759 1170 signa
1790 1130 1896 1168 quae
1926 1115 1969 1155 in

197 1196 213 1227 ἴ
242 1188 462 1242 praedictis
495 1187 867 1240 conprehendimus
905 1184 1102 1237 exemplis
1139 1185 1217 1226 iste
1251 1200 1334 1225 non
1371 1183 1557 1224 deferens
1588 1184 1720 1233 adest,
1757 1182 1895 1222 dicens
1927 1195 1968 1221 se

244 1270 329 1295 esse
360 1254 615 1307 paracletum
647 1254 718 1306 qui
748 1254 798 1293 ab
828 1250 924 1292 Iesu
954 1251 1242 1303 praesignatus
1274 1252 1334 1290 est
1365 1250 1492 1299 mitti,
1529 1249 1572 1289 in
1615 1262 1695 1301 quo
1726 1249 1967 1287 mendacem

242 1322 437 1374 ignorans
469 1320 643 1361 fortasse
685 1320 846 1358 adseret
876 1316 1028 1364 lesum,
1071 1315 1142 1368 qui
1185 1316 1293 1356 enim
1336 1316 1495 1355 dixerat
1529 1329 1571 1355 se
1596 1329 1679 1355 non
1709 1313 1840 1354 multo
1874 1315 1969 1365 post

242 1386 462 1427 missurum
495 1400 581 1426 esse
611 1383 866 1437 paracletum
895 1382 1104 1422 invenitur
1132 1384 1227 1435 post
1256 1384 1460 1421 trecentos
1492 1383 1532 1420 et
1562 1394 1608 1421 eo
1641 1378 1817 1431 amplius
1839 1392 1968 1420 annos

242 1452 401 1492 misisse
432 1452 557 1498 hunc,
601 1451 707 1491 sicut
742 1449 829 1502 ipse
866 1447 945 1489 sibi
981 1447 1265 1488 testimonium
1301 1447 1499 1499 perhibet.
1558 1444 1666 1493 Quid
1707 1444 1845 1484 dicent
1874 1443 1968 1484 Iesu

242 1519 284 1558 in
316 1518 381 1557 die
410 1513 552 1557 iudicii
582 1516 645 1556 illi
676 1516 746 1569 qui
775 1516 857 1555 iam
888 1514 972 1554 vita
1003 1515 1266 1553 excesserunt
1296 1526 1344 1551 ex
1375 1511 1446 1553 illo
1468 1514 1653 1563 tempore
1680 1524 1811 1563 usque
1832 1513 1967 1551 nunc‘?

242 1583 392 1624 Nonne
422 1583 522 1623 haec
553 1583 661 1635 apud
692 1595 785 1621 eum
816 1579 1072 1633 allegabunt:
1117 1577 1219 1619 Noli
1248 1592 1322 1619 nos
1355 1577 1536 1618 cruciare
1567 1576 1601 1616 si
1631 1590 1755 1628 opera
1784 1578 1855 1616 tua
1885 1590 1968 1616 non

242 1649 441 1690 fecimus?
484 1647 566 1689 Cur
596 1647 716 1694 enim,
750 1660 843 1686 cum
871 1644 1109 1698 promiseris
1146 1645 1220 1684 sub
1259 1642 1426 1684 Tiberio
1458 1641 1629 1683 Caesare
1665 1641 1886 1682 missurum
1928 1643 1968 1682 te

220 1712 330 1756 'esse
360 1713 625 1767 paracletum,
657 1713 729 1766 qui
748 1718 918 1763 aryzoeret
944 1726 1017 1751 ‘nos
1046 1714 1089 1750 de
1101 1716 1253 1761 peccato
1274 1716 1308 1750 et
1326 1712 1368 1749 cle
1397 1710 1541 1748 iudicio
1572 1714 1605 1747 et
1634 1710 1676 1747 de
1696 1709 1859 1756 iustitia,
1891 1707 1967 1747 sub

244 1780 379 1822 Probo
412 1782 576 1820 demum
613 1778 801 1819 Romano
831 1776 1064 1829 inperatore
1093 1774 1268 1816 misisti?
1311 1774 1435 1827 <Gurg
1462 1773 1669 1826 orphanos
1700 1771 1968 1824 dereliquisti,

245 1861 338 1887 cum
367 1845 454 1898 ipse
485 1844 651 1894 dixeris,
692 1858 774 1884 ozon
815 1845 1080 1894 (Im-eliumcamv
1114 1856 1181 1881 vos
1216 1844 1430 1892 mphanos,
1475 1854 1568 1880 cum
1608 1839 1696 1891 ipse
1736 1837 1886 1878 dixeris
1917 1840 1968 1886 te,

244 1926 339 1952 mox
369 1912 465 1957 ires,
495 1910 717 1951 missurum
749 1923 836 1949 esse
867 1906 1149 1960 paracletum?
1199 1906 1307 1956 Quid
1337 1908 1576 1959 poteramus
1613 1904 1787 1956 orphani
1823 1904 1968 1953 facere,

244 1993 325 2018 non
367 1978 564 2017 habentes
600 1977 808 2015 tutorem?
856 1972 974 2014 Nihil
1014 1988 1090 2014 nos
1133 1972 1400 2026 deliquimus,
1442 1974 1488 2012 tu
1522 1985 1597 2012 nos
1632 1969 1831 2010 fefellisti.
1890 1968 1969 2010 Sed

245 2043 352 2083 absit
381 2043 460 2083 hoc
491 2056 513 2081 a
544 2041 712 2082 domino
743 2042 885 2081 nostro
916 2038 1009 2079 Iesu
1040 2038 1205 2080 Christo
1236 2038 1440 2080 salvatore
1471 2037 1606 2078 omnis
1637 2036 1811 2076 animae.
1872 2034 1969 2076 Non

246 2110 353 2149 enim
390 2110 573 2149 moratus
604 2110 666 2147 est
694 2107 736 2146 in
772 2105 1117 2158 promissionibus
1160 2105 1261 2155 suis,
1304 2105 1375 2144 sed
1418 2118 1511 2144 cum
1553 2101 1739 2150 dixisset,
1779 2104 1877 2141 vaslo
1918 2104 1971 2140 ad

177 2181 220 2214 30
239 2182 391 2225 patrem
431 2188 564 2213 meum
611 2179 645 2213 et
688 2175 799 2212 mitto
835 2174 942 2211 vobis
979 2173 1231 2222 paracletum,
1277 2170 1418 2210 statim
1460 2168 1590 2218 misit,
1633 2166 1819 2207 dividens
1862 2167 1970 2208 dona

245 2239 459 2292 discipulis
491 2239 585 2288 suis,
617 2237 893 2278 abundantius
924 2250 1020 2277 vero
1052 2236 1267 2277 conferens
1299 2234 1441 2275 Paulo.

358 2338 407 2371 23
434 2337 514 2371 Joh.
530 2338 671 2377 1128—
698 2335 746 2370 25
773 2335 847 2369 loh.
864 2336 914 2377 14,
930 2336 971 2369 18
996 2355 1038 2358 Q
1064 2334 1114 2369 28
1140 2334 1309 2368 vz'ellez'cht
1334 2334 1366 2367 Π
1391 2332 1485 2367 Petr.
1504 2331 1568 2372 3‚9
1594 2351 1635 2354 —
1662 2331 1711 2365 29
1738 2330 1975 2371 Joh.14,12ff

246 2393 319 2425 stud
342 2395 393 2433 lo',
420 2393 462 2425 <29
486 2412 527 2416 —
551 2392 595 2426 31
625 2392 686 2434 ιῃῖ.
712 2392 727 2424 l
752 2392 835 2426 Kor.
862 2393 913 2433 Π),
939 2392 981 2424 10

362 2459 431 2491 (til

358 2526 377 2560 1
405 2528 441 2559 et
465 2526 570 2563 (nt-felc
594 2525 724 2569 bonisi]
751 2536 769 2559 e
800 2518 870 2559 (iil
908 2526 912 2568 Ι
958 2526 980 2559 2
1008 2523 1183 2567 derelicti]
1209 2523 1274 2556 das
1298 2524 1386 2555 erste
1410 2520 1423 2554 i
1446 2531 1514 2554 aeas
1540 2530 1558 2553 e
1584 2530 1672 2552 corr.
1703 2519 1752 2553 02
1784 2520 1787 2561 Ι
1832 2518 1968 2561 verum]

249 2592 330 2616 uero
356 2581 398 2614 Μ
432 2583 436 2620 1
485 2581 508 2615 3
534 2580 755 2623 coheredem]
795 2581 986 2615 conderem
1016 2580 1044 2613 (7
1084 2581 1087 2622 Ι
1133 2579 1157 2613 4
1194 2578 1425 2622 exposcerent
1459 2575 1528 2609 *nait
1562 2587 1585 2608 n
1617 2574 1738 2618 [setilffl‘
1763 2573 1807 2606 Μ
1844 2574 1849 2616 Ι
1893 2584 1967 2617 per-

247 2637 359 2680 sequi]
387 2638 495 2679 atque
520 2636 690 2677 Zac-(tymi,
715 2636 809 2669 nach
834 2636 998 2680 persequi
1023 2640 1064 2675 -Ι-
1084 2636 1193 2678 atque
1216 2633 1350 2668 Traube
1380 2633 1386 2675 Ι
1413 2633 1433 2667 5
1459 2631 1532 2675 qui]
1560 2642 1666 2674 quem
1683 2630 1727 2663 Μ
1753 2631 1758 2672 Ι
1805 2630 1821 2664 7
1851 2629 1924 2663 fere
1946 2628 1974 2663 C

247 2694 250 2737 Ι
292 2695 315 2728 9
347 2692 657 2737 pronuntiauiimus
688 2692 716 2725 O
756 2692 759 2733 Ι
806 2692 852 2726 11
891 2703 964 2726 non
988 2698 1030 2728 <
1061 2690 1090 2724 C
1120 2689 1316 2732 icbe13qesel2.
1343 2698 1409 2721 von
1437 2685 1729 2730 322atea·e1·Hand
1773 2685 1776 2728 Ι
1823 2685 1873 2718 13
1910 2684 1969 2718 ob-

248 2749 455 2793 signauerat
480 2747 523 2780 Μ
562 2749 565 2789 Ι
609 2747 723 2781 furem
749 2748 785 2779 et
808 2746 989 2781 latronem
1014 2747 1058 2779 Μ
1097 2747 1100 2789 Ι
1147 2746 1192 2781 17
1222 2745 1374 2779 fortasse
1399 2750 1440 2780 <
1466 2742 1510 2775 Μ
1550 2743 1553 2785 Ι
1599 2743 1648 2776 22
1676 2741 1768 2784 cum]
1796 2751 1877 2776 eum
1900 2740 1929 2774 O
1965 2739 1968 2783 Ι

247 2804 388 2848 tyberio
415 2803 457 2836 M
496 2804 500 2845 Ι
544 2802 594 2837 23
620 2804 656 2835 et
681 2802 723 2835 de
747 2801 880 2836 iudicio
906 2809 947 2839 <
978 2802 1008 2836 O
1046 2802 1050 2844 Ι
1096 2801 1148 2836 24
1174 2800 1286 2845 probo
1310 2811 1343 2833 α.
1367 2799 1455 2833 Ii'as.
1486 2798 1515 2832 G
1542 2799 1546 2841 Ι
1584 2797 1658 2840 eur]
1689 2796 1823 2829 Traube
1867 2796 1871 2838 Ι
1917 2794 1964 2829 27

248 2859 488 2902 delinquimus
520 2859 548 2891 O
587 2860 590 2901 Ι
636 2858 686 2893 28
722 2858 802 2901 hoc]
839 2858 933 2891 hanc
970 2857 999 2890 Ο
1038 2857 1042 2899 Ι
1087 2856 1214 2900 omnis]
1247 2854 1417 2897 Zaeafmi,
1455 2865 1559 2888 omne
1589 2852 1660 2887 GM
1698 2854 1701 2895 Ι
1747 2851 1797 2886 30
1830 2851 1968 2886 donans

253 2915 280 2945 (¹
329 2915 335 2958 Ι
382 2915 427 2948 31
461 2913 729 2947 abundantibus
760 2913 788 2948 O
829 2914 832 2955 Ι
877 2913 1052 2947 confitens
1084 2912 1111 2945 C

1993 328 2018 363 4

1995 1051 2017 1084 6
