2164 3406
170 886 212 920 10

169 1216 211 1249 15

165 1541 208 1575 20

166 1870 208 1904 25

240 184 260 221 2
269 184 290 221 S
992 175 1234 221 Hegemonius

240 290 419 332 obiectio
448 294 530 341 tua,
561 289 594 330 si
626 289 792 342 quidem
824 303 870 329 ex
901 289 980 329 hoc
1009 287 1231 328 arbitratus
1263 301 1303 327 es
1334 290 1373 327 te
1405 286 1721 327 adfirmaturum
1751 288 1851 328 duas
1880 301 1966 328 esse

238 359 416 396 naturas.
446 356 660 409 Ingentem
675 354 903 395 doctrinam
924 354 1058 394 ferens
1073 355 1186 404 ades3
1200 355 1392 393 neutrum
1413 352 1521 392 enim
1536 367 1677 393 eorum
1693 367 1796 406 quae
1812 353 1965 393 adseris

240 424 331 462 stat.
379 421 524 463 Potest
550 422 658 462 enim
684 421 717 460 is
739 420 809 473 qui
830 434 912 460 non
930 423 1078 459 natura
1102 421 1173 459 sed
1198 419 1410 471 proposito
1431 419 1686 459 adversarius
1709 421 1780 468 est,
1807 419 1964 459 amicus
1991 427 2015 461 4

240 487 420 537 effectus,
433 501 515 527 non
530 501 615 527 esse
629 486 895 535 adversarius,
912 487 951 525 et
963 485 1021 525 ita
1036 499 1129 525 cum
1144 484 1247 524 alter
1261 498 1281 524 e
1292 483 1412 524 nobis
1426 483 1544 524 alteri
1558 484 1823 536 adquieverit,
1837 499 1966 525 unum

245 556 368 606 atque
387 553 497 593 idem
521 555 691 605 uterque
706 550 936 604 adparebit;
957 564 1010 602 qu
1019 565 1064 590 ae
1085 564 1209 590 causa
1228 549 1384 590 indicat
1404 552 1610 589 creaturas
1629 549 1895 590 rationabiles
1916 549 1964 590 li-

237 619 335 659 bero
350 618 519 658 arbitrio
535 632 621 657 esse
635 616 866 669 permissas,
888 617 997 656 unde
1012 618 1052 655 et
1065 615 1352 656 conversiones
1372 615 1577 667 recipiunt
1591 617 1631 655 et
1643 615 1735 656 ideo
1757 615 1964 668 ingenitae

237 686 407 723 naturae
430 696 515 722 esse
535 697 617 723 non
637 684 819 734 possunt.
851 681 959 729 Quid
980 693 1078 734 ergo
1100 681 1186 722 ais?
1206 683 1309 721 duae
1329 681 1433 721 istae
1447 684 1617 720 naturae
1629 680 1964 721 inconvertibiles

238 751 333 788 sunt
354 763 404 787 an
426 747 725 797 convertibiles,
745 750 816 787 aut
829 762 910 787 una
925 761 1065 787 earum
1080 746 1362 788 convertitur?
1392 746 1450 786 At
1468 760 1564 786 vero
1579 746 1721 786 Manes
1736 749 1963 787 remoratus
1989 752 2011 787 5

238 816 299 853 est
319 827 402 853 non
422 812 668 854 inveniendo
688 827 949 865 responsum;
978 813 1216 853 intuebatur
1237 812 1346 852 enim
1368 813 1480 865 quod
1511 826 1559 852 ex
1589 814 1765 864 utroque
1796 811 1963 852 conclu-

238 881 410 927 deretur⁷
441 880 684 919 retractans:
722 878 819 932 quia
856 879 891 920 si
928 878 1060 919 dicam
1098 878 1283 919 converti
1314 893 1397 929 635,
1434 876 1701 931 respondebit
1728 876 1830 917 mihi
1859 875 1965 916 illud

238 946 350 997 quod
378 944 421 984 in
451 943 667 997 euangelio
698 944 896 996 scriptum
927 946 988 985 est
1018 946 1066 983 de
1097 944 1328 994 arboribus;
1366 945 1478 997 quod
1508 944 1542 983 si
1572 955 1720 996 negem
1751 957 1838 983 esse
1868 956 1964 983 con-

237 1009 466 1059 vertibiles,
507 1009 794 1062 permixtionis
837 1012 991 1050 statum
1031 1012 1070 1050 et
1107 1024 1271 1050 causam
1308 1009 1538 1050 necessario
1570 1010 1743 1060 expetet.
1801 1006 1963 1048 Interea
1988 1012 2011 1044 6

238 1075 461 1128 aliquando
484 1075 697 1127 respondit
716 1076 877 1116 Manes:
908 1075 1249 1116 Inconvertibiles
1277 1075 1445 1128 quidem
1477 1076 1573 1115 sunt
1592 1076 1801 1126 utraeque,
1833 1087 1961 1126 quan-

236 1145 324 1181 tum
356 1143 515 1194 spectat
545 1142 597 1180 ad
629 1142 850 1192 contraria,
893 1140 1184 1182 convertibiles
1221 1155 1335 1191 vero,
1378 1141 1489 1193 quod
1520 1141 1680 1192 spectat
1709 1140 1760 1179 ad
1785 1139 1960 1192 propria.

236 1207 505 1247 ARCHELAus
535 1219 678 1246 DIXIT:
727 1206 893 1247 Videris
929 1207 1031 1246 mihi
1062 1207 1214 1247 delirus
1246 1221 1333 1246 esse
1363 1209 1404 1246 et
1433 1205 1681 1247 obliviscens
1711 1204 1960 1258 propositio-
1991 1209 2006 1242 ἲ

236 1287 335 1313 num
372 1275 552 1322 tuarum,
595 1274 667 1312 sed
708 1287 759 1312 ne
801 1287 942 1313 eorum
982 1272 1150 1325 quidem
1181 1286 1286 1325 quae
1317 1271 1497 1311 didicisti
1527 1270 1746 1312 verborum
1787 1271 1960 1310 virtutes

234 1338 301 1379 vel
334 1337 554 1391 qualitates
585 1350 818 1390 agnoscere.
866 1337 1016 1391 Neque
1039 1338 1147 1378 enim
1169 1337 1380 1378 conversio
1403 1336 1502 1389 quid
1524 1336 1578 1377 sit
1597 1335 1797 1389 agnoscis,
1827 1349 1961 1388 neque

237 1403 336 1456 quid
367 1403 420 1444 sit
448 1403 680 1456 ingenitum
711 1406 782 1443 aut
824 1403 925 1457 quid
967 1402 1161 1452 dualitas,
1202 1417 1285 1442 non
1322 1402 1421 1455 quid
1457 1401 1725 1454 praeteritum
1761 1401 1826 1441 vel
1862 1401 1961 1454 quid

234 1483 427 1522 praesens
459 1468 607 1521 quidve
644 1469 829 1509 futurum
861 1469 930 1520 sit,
972 1469 1079 1510 sicut
1120 1482 1169 1508 ex
1206 1468 1269 1508 1115
1312 1482 1417 1521 quae
1448 1482 1470 1507 a
1499 1469 1539 1508 te
1570 1480 1679 1507 nunc
1715 1466 1825 1507 dicta
1855 1470 1960 1516 sunt,

235 1534 404 1576 adverti.
444 1533 808 1575 Inconvertibilem
839 1534 946 1575 enim
977 1548 1065 1575 esse
1095 1533 1325 1574 adfirmasti
1353 1535 1571 1586 utramque
1601 1535 1799 1579 naturam,
1831 1546 1956 1585 quan·
1985 1540 2007 1574 S

234 1603 321 1641 tum
353 1602 404 1640 ad
435 1600 640 1641 contraria
669 1602 846 1652 spectat3
879 1599 1190 1640 convertibilem
1220 1613 1328 1649 vero,
1357 1601 1556 1652 quantum
1579 1599 1629 1638 ad
1649 1598 1826 1651 propria.
1867 1597 1958 1650 Ego

234 1680 329 1707 vero
362 1665 470 1716 dico,
513 1665 610 1718 quia
652 1664 723 1718 qui
764 1665 807 1705 in
842 1665 1020 1718 propriis
1056 1664 1231 1705 vertitur
1274 1678 1358 1705 non
1394 1664 1554 1705 excedit
1583 1678 1606 1703 a
1636 1677 1696 1714 56,
1725 1665 1797 1704 56(1
1828 1664 1958 1703 estin

235 1732 389 1772 eisdem
419 1730 569 1783 quibus
600 1745 762 1782 semper
793 1734 854 1771 est
882 1729 1227 1772 inconvertibilis:
1265 1729 1336 1782 qui
1375 1744 1472 1770 vero
1503 1729 1650 1782 recipit
1680 1728 1959 1769 convertibili-

233 1799 370 1843 tatem,
402 1796 470 1837 hic
500 1798 614 1837 extra
641 1796 808 1848 propria
839 1794 1020 1847 effectus,
1052 1794 1216 1836 devenit
1244 1795 1287 1835 in
1318 1795 1460 1836 aliena.

344 1861 485 1903 XVIII
516 1860 657 1913 (XVI).
687 1860 863 1902 IUDICES
892 1873 1137 1902 DIXERUNT:
1176 1860 1510 1902 Convertibilitas
1539 1859 1670 1910 illum,
1701 1860 1767 1901 cui
1796 1860 1958 1901 accidit.

234 1928 432 1968 transfert
460 1927 504 1967 in
534 1926 677 1976 alium3
706 1929 754 1966 ut
783 1927 817 1966 si
847 1927 1039 1976 dicamus⁷
1070 1925 1256 1975 Iudaeus,
1288 1926 1322 1967 si
1350 1926 1450 1966 velit
1479 1926 1569 1966 fieri
1590 1925 1858 1974 Christianus,
1889 1928 1959 1965 aut

234 1995 268 2035 si
300 1993 557 2035 Christianus
593 1991 694 2033 velit
731 2006 818 2033 esse
859 1991 1042 2045 ξ(16611115,
1082 1993 1185 2032 11366
1226 1993 1384 2045 species
1421 1995 1482 2032 est
1523 1990 1881 2032 convertibilitatis
1920 1993 1960 2031 et

235 2073 367 2100 causa.
425 2058 574 2112 Neque
609 2072 705 2099 vero
742 2058 778 2099 si
819 2057 1002 2111 gentilis,
1045 2072 1138 2098 cum
1173 2058 1216 2098 in
1252 2057 1443 2099 omnibus
1472 2057 1651 2110 propriis
1682 2056 1765 2097 suis
1795 2059 1960 2096 maneat

234 2140 280 2166 ac
311 2124 388 2166 diis
419 2124 503 2166 suis
532 2124 688 2165 hostias
719 2124 864 2164 offerat
898 2122 1149 2176 templisque
1180 2138 1228 2163 ex
1259 2138 1373 2164 more
1404 2122 1622 2171 deserviat,
1665 2124 1796 2164 donec
1824 2135 1958 2174 perse-

349 2199 420 2235 OM

348 2269 368 2303 1
407 2268 468 2301 tua
492 2266 534 2310 si]
559 2268 635 2301 tam
663 2265 692 2300 si
721 2266 751 2301 0
795 2267 798 2309 Ι
848 2265 897 2309 es]
923 2266 976 2300 est
1005 2265 1078 2300 ΟΜ
1120 2266 1122 2309 Ι
1172 2267 1208 2300 te
1232 2272 1274 2303 <
1298 2265 1343 2299 M
1362 2276 1419 2299 me
1442 2264 1605 2308 Zaeayni
1651 2265 1654 2307 Ι
1702 2264 1724 2298 2
1760 2263 1957 2308 ingentem]

233 2323 443 2357 inscientem
470 2322 583 2355 Rozctle
619 2324 623 2362 1
658 2322 719 2364 2s3
750 2321 884 2356 adseris
910 2321 994 2365 stat]
1020 2320 1164 2355 resistat
1188 2320 1232 2354 M
1269 2322 1274 2362 Ι
1320 2321 1342 2355 3
1367 2321 1422 2354 1115
1447 2320 1491 2353 Μ
1529 2320 1532 2363 Ι
1576 2320 1602 2355 4
1628 2319 1863 2363 adquieverit]
1890 2329 1958 2352 aus

234 2378 420 2421 adquieuit
444 2389 535 2412 corr.
566 2378 615 2411 02
646 2378 650 2420 Ι
684 2378 706 2411 5
732 2378 852 2421 atque]
878 2378 919 2411 ut
944 2377 988 2410 M
1018 2378 1021 2419 Ι
1066 2378 1089 2412 6
1114 2376 1291 2420 recipiant
1314 2376 1358 2409 M
1385 2377 1391 2419 Ι
1427 2376 1443 2410 7
1474 2375 1539 2419 315]
1564 2375 1630 2409 1166
1654 2375 1699 2409 M
1737 2375 1740 2417 Ι
1784 2374 1807 2409 8
1832 2375 1958 2408 harum

234 2433 279 2467 M
316 2435 320 2476 Ι
367 2434 413 2468 11
453 2433 727 2467 conuersibilem
752 2433 792 2466 M
835 2434 839 2476 Ι
885 2433 933 2467 12
967 2434 1003 2466 et
1040 2432 1137 2475 (iiber
1171 2432 1227 2465 (lle
1261 2432 1299 2465 Z.
1327 2431 1565 2474 ssesclzrieben)
1603 2442 1747 2464 causam
1783 2430 1959 2463 statutum

235 2490 277 2523 M
298 2488 355 2522 (lie
386 2488 574 2532 Wortfolye
600 2500 690 2523 corr.
717 2489 760 2522 M
768 2492 781 2512 2
824 2489 827 2531 Ι
871 2487 1110 2522 necessariam
1134 2487 1179 2520 ,U
1219 2488 1222 2529 Ι
1267 2487 1405 2531 expetit
1432 2486 1504 2521 OM
1532 2487 1535 2529 Ι
1577 2486 1626 2521 13
1650 2484 1958 2528 inconvertibiles]

236 2544 472 2579 conuertibile
509 2556 542 2579 a.
567 2544 653 2579 Has.
690 2544 734 2577 M
771 2546 776 2588 Ι
814 2536 972 2586 'utraque
1007 2543 1052 2577 M
1091 2543 1094 2585 Ι
1145 2542 1193 2577 14
1229 2543 1398 2585 expectat
1437 2541 1509 2576 ΟΜ
1552 2543 1556 2584 Ι
1611 2540 1828 2575 contrariam
1864 2539 1910 2573 M
1956 2541 1957 2583 Ι

236 2600 404 2643 expectat
433 2600 502 2633 GM
543 2600 546 2642 Ι
590 2599 771 2643 propriam
796 2599 840 2632 Μ
879 2599 883 2642 Ι
930 2600 978 2634 16
1008 2599 1067 2642 116]
1098 2609 1215 2642 neque
1238 2598 1283 2631 M
1321 2599 1325 2641 Ι
1372 2598 1417 2632 17
1455 2608 1572 2640 neque
1599 2623 1606 2630 .
1631 2624 1638 2631 .
1665 2595 1830 2641 agnoscis
1854 2603 1896 2633 <
1920 2595 1965 2628 M

236 2656 239 2698 Ι
283 2656 331 2691 18
369 2655 452 2699 non]
479 2666 594 2698 neque
619 2655 663 2687 M
701 2655 704 2697 Ι
748 2655 818 2698 vel]
855 2655 918 2688 aut
942 2654 987 2688 M
1025 2654 1030 2696 Ι
1075 2655 1124 2689 19
1163 2665 1183 2687 a
1207 2654 1254 2696 te]
1284 2654 1368 2687 ante
1391 2653 1436 2686 M
1476 2654 1481 2696 Ι
1526 2653 1572 2687 20
1597 2651 1754 2686 aduertis
1778 2651 1823 2697 M
1861 2652 1865 2693 Ι
1908 2650 1958 2683 111-

237 2710 510 2744 conuersibilem
536 2710 578 2743 Μ
618 2712 621 2752 Ι
666 2710 716 2744 21
743 2710 961 2744 contrariam
987 2710 1031 2743 M
1070 2715 1073 2752 Ι
1118 2711 1303 2754 exspectat
1331 2709 1360 2743 G
1381 2709 1548 2753 expectat
1571 2707 1616 2741 M
1643 2708 1646 2751 Ι
1684 2706 1958 2740 conuersibilem

236 2765 280 2798 Μ
318 2766 322 2807 Ι
365 2765 545 2809 propriam
571 2765 610 2798 M
701 2766 751 2800 22
778 2766 912 2799 excidit
935 2765 980 2799 M
1018 2767 1022 2808 Ι
1068 2765 1117 2800 23
1142 2763 1441 2807 inconvertibilis]
1467 2774 1486 2797 c
1510 2774 1577 2797 aus
1603 2774 1621 2796 e
1646 2773 1733 2797 corr.
1764 2763 1812 2796 02
1835 2762 1958 2796 incon-

235 2820 417 2854 uersibilis
442 2820 485 2853 M
525 2822 529 2863 l
575 2822 623 2855 25
661 2820 800 2854 accedit
824 2820 868 2853 Μ
906 2822 910 2863 Ι
954 2821 1003 2855 26
1037 2821 1210 2854 transfert
1239 2820 1277 2853 in
1303 2819 1425 2863 alium]
1452 2831 1474 2852 a
1498 2830 1534 2853 sc
1558 2819 1773 2852 transfertur
1797 2817 1835 2851 in
1860 2816 1958 2851 aliud

237 2876 275 2908 Μ
319 2877 322 2919 Ι
368 2876 414 2910 27
445 2876 473 2909 si
498 2876 714 2910 christianus
738 2889 783 2906 cx>
807 2875 851 2909 Μ
889 2877 893 2919 Ι
938 2877 1057 2913 est<
1082 2875 1126 2908 Μ
1165 2876 1167 2917 Ι
1214 2876 1263 2910 28
1295 2874 1442 2918 gentilis
1473 2874 1565 2917 cum]
1593 2873 1842 2918 gentilifacum
1867 2884 1954 2906 corr.

238 2942 275 2964 nu
301 2944 327 2966 e.
352 2931 422 2966 sela.
448 2943 515 2965 aus
540 2932 787 2976 gentilitarum
813 2931 856 2964 Μ
862 2933 874 2954 2
