2164 3406
92 860 134 891 111

92 1522 136 1556 211

91 1852 134 1887 25

92 2182 136 2216 30

697 141 789 174 Acta
816 139 984 175 Archelai
1010 139 1340 174 XXVJHWXXXI.
1848 144 1898 181 425

159 256 311 304 dimus,
353 254 515 307 reliqua
551 269 655 308 quae
691 254 900 306 perhanc
930 253 1225 293 adserebantur
1268 265 1361 290 cum
1404 251 1494 303 ipsa
1535 250 1690 303 pariter
1732 249 1900 302 explosa

158 324 264 363 sunt.
306 321 386 362 Sed
415 320 457 360 in
486 321 625 374 ipsum
657 321 728 373 qui
759 321 876 360 adest
906 320 1093 360 adsertor
1122 318 1271 358 horum
1294 317 1438 369 paucis
1461 316 1608 365 dicam,
1639 319 1685 356 ut
1707 317 1900 356 omnibus

158 390 396 430 innotescat
426 387 519 441 quis
551 389 590 427 61
621 388 729 427 unde
760 388 800 426 et
831 385 967 439 qualis
1000 387 1075 434 est;
1115 384 1276 424 dixerat
1307 383 1417 423 enim
1449 397 1491 423 se
1523 396 1609 423 esse
1640 382 1901 434 paracletum

158 455 277 496 illum
322 468 446 507 quem
475 452 591 494 Iesus
632 452 902 506 proficiscens
939 451 1121 493 humano
1165 450 1305 504 generi
1348 449 1574 490 missurum
1616 462 1657 487 se
1689 463 1776 489 esse
1807 464 1901 502 pro-

158 523 330 563 miserat
360 522 412 560 ad
442 520 619 561 Salutem
649 519 837 560 fidelium
875 519 1109 560 animarum
1152 520 1191 558 et
1233 531 1315 557 non
1345 515 1470 568 longe
1501 515 1634 567 possit
1678 515 1713 555 ei
1745 514 1901 555 Paulus

157 601 230 628 vas
262 586 477 628 electionis
509 588 549 626 et
578 588 751 627 vocatus
782 584 1009 639 apostolus,
1038 585 1147 625 unde
1170 586 1210 624 61
1241 583 1484 636 praedicans
1507 596 1645 621 veram
1669 581 1900 623 doctrinam

160 654 313 694 aiebat:
362 656 443 693 Aut
472 655 749 693 documentum
780 654 969 704 quaeritis
998 654 1080 691 eius
1111 653 1180 702 qui
1210 653 1249 690 in
1288 664 1349 689 me
1379 651 1554 700 loquitur
1588 651 1801 689 Cleo-istus?
1847 647 1901 688 Et
1929 666 1936 676 ·

160 719 329 773 quidem
373 720 485 772 quod
526 719 619 760 dico
651 718 726 759 tali
757 717 946 771 exemplo
978 717 1050 757 fiet
1081 716 1243 757 clarius.
1302 714 1442 756 Homo
1486 715 1655 767 quidam
1699 714 1901 755 conclusit

158 787 199 827 in
231 786 427 827 thesauro
458 784 658 825 frumenti
687 784 928 837 plurimum,
959 784 1018 824 ita
1047 785 1094 823 ut
1124 783 1301 822 refertus
1324 784 1431 822 63361
1457 780 1585 828 locus,
1618 795 1742 833 quem
1762 780 1901 821 locum

161 852 349 893 clausum
391 854 518 904 atque
560 851 771 904 signatum
813 849 1121 891 sufficientibus
1163 848 1390 902 signaculis
1435 847 1633 888 custodiri
1674 847 1900 899 praecepit3

159 920 249 972 ipse
281 918 474 959 dominus
516 931 613 957 vero
658 916 798 965 cessit3
840 915 945 955 alius
988 918 1127 955 autem
1165 916 1337 968 quidam
1367 912 1670 967 postmultum
1700 914 1902 965 temporis

161 985 328 1024 advenit
353 985 403 1023 ad
434 984 687 1032 thesaurum,
719 982 858 1022 dicens
889 995 931 1021 36
962 980 1012 1021 ab
1046 996 1093 1022 60
1127 982 1198 1033 (1111
1228 979 1456 1034 signaculis
1481 979 1621 1020 locum
1644 978 1902 1020 concluserat

159 1051 334 1090 missum
367 1051 418 1089 ad
447 1050 543 1099 hoc,
585 1051 632 1089 ut
668 1049 793 1089 etiam
825 1048 913 1101 ipse
943 1048 985 1087 in
1029 1048 1205 1087 eundem
1238 1047 1480 1087 thesaurum
1511 1046 1699 1085 triticum
1732 1058 1903 1098 congre-

160 1118 287 1170 garet.
347 1114 480 1164 Quem
513 1129 608 1155 cum
637 1114 839 1156 vidissent
870 1115 1074 1164 custodes,
1104 1114 1333 1166 poscebant
1364 1114 1414 1153 ab
1446 1127 1493 1153 eo
1525 1111 1733 1166 signaculi
1764 1111 1902 1160 fidem,
1932 1137 1939 1147 ·

161 1196 243 1235 quo
279 1184 451 1234 possent
493 1181 529 1222 ei
559 1180 755 1222 videlicet
785 1181 945 1233 aperire
985 1181 1227 1220 thesaurum
1271 1183 1310 1220 61
1340 1194 1484 1232 parere
1528 1178 1564 1218 ei
1606 1181 1821 1231 tamquam
1853 1177 1902 1217 ab

158 1247 233 1289 illo
266 1248 339 1300 qui
369 1248 606 1301 signaverat
635 1247 780 1297 misso,
823 1247 895 1300 qui
927 1261 1021 1287 cum
1050 1261 1185 1299 neque
1218 1246 1353 1287 claves
1392 1246 1625 1287 ostenderet
1654 1259 1790 1297 neque
1821 1244 1903 1298 sig-

158 1313 405 1355 naculorum
435 1313 562 1354 fidem
593 1314 772 1354 deferret
802 1313 952 1366 (neque
983 1312 1092 1353 enim
1113 1312 1292 1353 habebat
1312 1312 1405 1363 ius),
1437 1327 1460 1352 a
1482 1310 1725 1352 custodibus
1748 1312 1903 1351 eiectus

160 1382 223 1420 est
253 1382 294 1420 et
323 1379 510 1433 fugatus3
541 1379 608 1420 fur
640 1379 749 1420 enim
779 1379 918 1433 potius
951 1382 991 1420 et
1019 1379 1126 1420 latro
1159 1378 1210 1419 ab
1243 1380 1300 1419 eis
1332 1393 1419 1419 6336
1441 1378 1775 1431 deprehenditur,
1809 1392 1904 1417 6011-

161 1446 295 1487 victus
338 1448 379 1487 et
421 1446 671 1499 confugatus
710 1446 834 1486 etiam
866 1460 914 1486 ex
944 1446 1038 1495 hoc,
1083 1447 1193 1498 quod
1235 1448 1330 1497 post
1371 1444 1551 1485 multum
1582 1447 1746 1497 tempus
1779 1458 1903 1496 quam

161 1512 415 1565 promissum
446 1511 591 1563 fuerat,
622 1514 764 1553 adesse
796 1512 1013 1561 desideret,
1044 1526 1179 1565 neque
1202 1511 1337 1552 claves
1368 1525 1502 1564 neque
1523 1509 1740 1564 signacula
1769 1524 1904 1563 neque

160 1577 295 1619 ullum
327 1579 498 1620 omnino
531 1578 774 1620 custodibus
815 1579 1018 1619 indicium
1050 1578 1250 1619 deferens.
1282 1593 1365 1618 non
1399 1576 1675 1630 quantitatem
1706 1576 1905 1616 frumenti

160 1645 366 1686 reconditi
397 1644 545 1696 sciens3
577 1659 683 1698 quae
714 1645 853 1686 omnia
884 1644 1107 1685 manifesta
1136 1643 1291 1684 indicia
1310 1646 1407 1683 sunt
1436 1657 1699 1696 nequaquam
1731 1657 1825 1683 eum
1852 1643 1903 1683 ab

159 1710 233 1752 illo
265 1725 354 1751 esse
383 1712 691 1761 transmissum,
730 1714 770 1752 61
799 1711 892 1752 ideo
924 1713 1226 1764 consequenter
1256 1725 1280 1750 a
1314 1709 1556 1751 custodibus
1595 1709 1799 1750 refutatus
1833 1711 1904 1749 est.

269 1776 406 1817 XXXI
436 1775 640 1830 (XXVII).
670 1776 801 1818 Aliud
832 1778 967 1827 etiam,
999 1778 1035 1819 si
1066 1777 1238 1826 videtur,
1269 1776 1445 1817 dicimus
1468 1775 1713 1830 exemplum.
1762 1774 1902 1817 Homo

161 1842 332 1896 quidam
362 1843 664 1896 paterfamilias
695 1844 809 1884 dives
839 1843 1078 1897 plurimum,
1110 1845 1162 1883 ad
1192 1846 1356 1896 tempus
1378 1855 1552 1896 peregre
1574 1842 1776 1891 afuturus,
1806 1841 1904 1882 filiis

160 1910 245 1951 suis
286 1909 501 1963 pollicitus
533 1912 595 1951 est
624 1911 850 1951 missurum
881 1924 924 1950 se
955 1925 1042 1951 esse
1073 1909 1202 1950 alium
1233 1910 1305 1962 qui
1335 1924 1409 1962 pro
1451 1923 1494 1950 se
1537 1908 1804 1950 distribueret
1847 1908 1904 1949 eis

160 1991 209 2017 ex
239 1990 372 2030 aequo
406 1976 693 2018 substantiam.
751 1976 807 2017 Et
838 1976 1006 2029 quidem
1036 1991 1120 2017 non
1150 1975 1283 2017 multo
1314 1978 1409 2028 post
1439 1976 1554 2017 misit
1578 1976 1746 2016 beatum
1769 1975 1903 2015 virum

161 2044 368 2096 quendam
398 2043 555 2083 iustum
587 2046 628 2083 et
668 2058 831 2093 verum,
874 2043 946 2095 qui
984 2057 1078 2083 cum
1114 2042 1310 2087 venisset,
1353 2044 1545 2095 suscepta
1585 2041 1777 2082 universa
1809 2040 1904 2081 sub-

161 2109 331 2158 stantia,
370 2109 507 2161 primo
545 2110 734 2150 omnium
770 2109 975 2149 instruere
1007 2122 1098 2149 eam
1129 2123 1176 2148 ac
1207 2121 1351 2161 regere
1382 2109 1559 2158 studuit,
1589 2108 1784 2148 laborans
1815 2106 1904 2159 plu-

161 2175 314 2215 rimum
354 2175 399 2214 in
440 2173 675 2225 itineribus,
719 2176 864 2216 sedens
893 2174 982 2227 ipse
1018 2189 1092 2227 per
1122 2189 1164 2215 se
1203 2175 1287 2215 suis
1319 2174 1512 2214 manibus
1544 2188 1647 2226 opus
1678 2173 1833 2213 faciens
1866 2176 1905 2212 et

161 2239 414 2282 ministrans.
471 2240 633 2282 Deinde
665 2242 773 2281 diem
805 2242 995 2282 obiturus
1026 2242 1323 2281 testamentum
1355 2240 1509 2291 scribit,
1539 2238 1787 2292 propinquis
1820 2238 1904 2279 suis

162 2309 203 2348 61
230 2307 433 2360 proximis
464 2307 658 2348 omnibus
688 2307 961 2348 hereditatem
992 2306 1295 2360 derelinquens,
1328 2310 1368 2346 et
1398 2305 1612 2359 signacula
1643 2305 1755 2345 dedit
1786 2305 1843 2345 eis
1867 2307 1905 2344 et

161 2374 411 2415 nominatim
453 2373 642 2427 singulos
692 2387 926 2414 convocans
973 2373 1185 2426 praecepit
1230 2372 1286 2413 eis
1329 2387 1491 2413 servare
1540 2371 1815 2412 hereditatem
1867 2373 1905 2410 et

279 2451 296 2484 7
324 2450 358 2483 11
383 2450 467 2485 Kor.
495 2451 549 2492 13,
573 2451 594 2485 3

280 2517 350 2551 GM

274 2585 296 2620 5
322 2585 359 2618 61
384 2610 391 2618 .
419 2610 426 2617 .
451 2584 579 2628 possit]
615 2584 672 2618 dic
699 2585 800 2618 Stella
831 2585 881 2618 ist
912 2584 1120 2624 verclorhem
1159 2587 1245 2618 effu-ca
1283 2584 1471 2627 tamquam
1507 2583 1538 2617 si
1573 2594 1647 2617 non
1671 2583 1781 2626 longe
1805 2593 1905 2626 prae-

163 2641 310 2675 cesserit
339 2640 483 2683 Traube,
509 2642 550 2675 ut
573 2652 647 2675 non
672 2640 782 2685 longe
806 2642 890 2685 post
914 2640 960 2674 sit
983 2640 1150 2682 Zac‘afflzc'
1193 2642 1197 2684 Ι
1247 2641 1263 2675 'a'
1293 2640 1427 2684 agebat
1457 2640 1485 2673 (ζ’
1514 2640 1518 2682 Ι
1565 2639 1612 2674 11
1641 2638 1821 2681 dominus]
1836 2638 1902 2671 Ζα-

163 2696 281 2740 caym}
308 2696 394 2730 deus
425 2696 497 2731 CM
527 2698 531 2740 Ι
578 2696 626 2732 15
651 2697 792 2742 possint
813 2697 842 2731 O
883 2697 887 2739 Ι
934 2696 984 2732 16
1010 2697 1072 2740 (1111
1097 2707 1178 2730 611111
1202 2696 1333 2740 neque]
1361 2696 1579 2740 quicumque
1610 2695 1638 2729 C
1667 2696 1671 2737 Ι
1706 2695 1755 2729 19
1782 2694 1904 2728 confu-

164 2753 283 2797 gatus]
310 2752 517 2787 confutatus
541 2752 703 2796 Zacaym‘
745 2753 749 2797 Ι
795 2753 846 2787 20
870 2751 1059 2797 desideret]
1091 2763 1128 2786 36
1159 2751 1296 2786 diceret
1320 2751 1363 2785 M
1403 2752 1407 2794 Ι
1453 2751 1503 2786 22
1530 2750 1657 2795 sciens]
1690 2751 1804 2794 sicens
1835 2750 1864 2784 Ο
1902 2750 1904 2793 1

164 2808 215 2843 23
250 2808 345 2842 ozaelz
370 2810 632 2852 consequenter
657 2813 699 2849 -Ι-
725 2809 802 2843 erat
833 2808 861 2842 G
901 2809 905 2851 Ι
950 2807 1001 2842 24
1027 2808 1057 2841 si
1080 2807 1226 2843 uidetur
1252 2807 1362 2842 etiam
1387 2807 1433 2840 M
1449 2818 1540 2842 corr.
1558 2806 1602 2840 M
1608 2808 1621 2829 2
1652 2807 1657 2850 Ι
1689 2806 1738 2841 25
1764 2806 1904 2840 futurus

164 2864 209 2898 M
248 2865 254 2908 Ι
299 2864 346 2899 27
374 2863 535 2909 beatum]
561 2866 677 2898 tutum
712 2864 741 2899 G
780 2864 783 2907 Ι
830 2864 881 2899 28
906 2864 1042 2907 verum]
1069 2864 1188 2898 uirum
1219 2864 1247 2897 G
1286 2864 1290 2907 Ι
1337 2863 1388 2899 30
1425 2862 1565 2906 sedens]
1597 2862 1659 2896 sed
1684 2863 1720 2895 61
1743 2862 1907 2904 Zaeaym'

165 2920 283 2965 32s33
321 2919 513 2963 signacula
537 2946 545 2954 .
572 2946 578 2952 .
604 2920 822 2954 nominatim
845 2919 1012 2954 zze-eimal
1031 2919 1145 2963 qesclz.
1176 2920 1205 2954 O
1246 2921 1251 2964 Ι
1297 2920 1347 2954 33
1375 2918 1519 2963 singula
1549 2919 1578 2952 C

1928 318 1949 350 Ν-

1931 1386 1953 1417 (5

1932 1982 1953 2015 ι.)

1932 2249 1955 2283 3
