2164 3406
397 151 623 191 praesignatus

229 153 304 192 128

224 260 426 300 paracletum
486 261 540 302 qui
594 264 782 304 praesig-

268 310 388 335 natus
414 310 463 336 est
488 306 573 337 mitti
597 318 651 349 44,
674 309 712 339 16

222 354 257 380 ut
282 349 428 380 dicerent
458 351 523 382 hoc
554 353 625 383 viro
656 353 782 384 nullum

269 394 392 435 pietate
432 397 782 435 praestantiorem

266 438 448 480 (praestare
471 440 532 483 M)
556 451 588 483 4,
610 450 647 473 12

222 495 418 536 praemoniti
460 500 492 527 et
528 499 780 536 praestructi

267 550 380 570 sumus
404 551 423 571 a
448 542 570 572 sanctis
611 543 780 584 scripturis

271 592 321 626 591
347 594 365 615 2

221 629 370 660 interitus
395 636 518 660 sortem
544 642 563 671 p
572 642 587 661 r
596 642 614 661 a
622 642 639 662 e
647 642 662 662 s
670 643 690 662 u
699 643 730 663 m
739 643 759 672 p
767 652 779 657 -

265 679 405 704 serunt
445 683 480 715 3,
518 683 573 714 14;
621 677 779 707 auxilium

266 719 486 750 certissimum
523 723 780 760 praesumebant

264 773 295 801 4,
315 772 367 802 14;
384 765 618 804 praesumebat
631 776 666 796 se
680 777 778 807 posse

265 818 431 848 occupare
457 809 661 850 provinciam
686 821 716 850 4,
737 820 776 853 25

220 852 382 883 abiciatur
394 864 476 884 vana
490 856 777 897 praesumptio

264 906 316 936 24,
340 907 351 928 1

218 947 510 984 praeterquam
536 944 626 986 quod
653 952 775 985 57,14;

266 988 318 1026 64,
338 996 381 1027 30
405 992 548 1028 (praeter
572 991 663 1031 quod
695 990 733 1032 C)

218 1043 272 1083 qui
308 1044 697 1083 praevaricarentur
732 1046 778 1077 le-

262 1098 339 1128 gem
369 1088 422 1127 48,
451 1098 504 1126 11;
538 1096 714 1131 peccantes
746 1096 777 1122 et

264 1134 526 1173 praevaricantes
550 1143 603 1174 49,
623 1144 641 1165 2

217 1177 280 1207 hos
312 1179 584 1218 praeveniens
616 1180 776 1221 apostoli-

263 1232 320 1252 cus
351 1233 460 1254 sermo
492 1224 631 1255 denotat
655 1225 707 1264 64,
734 1235 776 1266 29

217 1266 282 1297 alia
321 1266 446 1309 (braca)
487 1268 576 1299 velut
616 1270 777 1310 prasini

263 1312 386 1342 coloris
412 1318 480 1344 erat
506 1322 556 1351 22,
576 1323 617 1353 29

216 1356 382 1397 principes
414 1358 638 1397 primarios
664 1358 775 1404 (πρω-

260 1400 417 1440 τίστΟυς)
448 1411 496 1441 12,
520 1413 557 1443 19

217 1446 271 1486 qui
296 1446 498 1486 primatus
524 1448 588 1478 sibi
605 1449 774 1480 vindicare

263 1491 432 1531 cupientes
458 1502 510 1532 90,
534 1502 572 1532 14

216 1534 360 1566 inserens
408 1546 442 1567 se
490 1537 521 1567 in
570 1538 776 1578 primitias

261 1579 392 1620 frugum
421 1589 470 1622 53,
490 1591 533 1621 24

217 1625 328 1655 omnia
351 1626 593 1667 Aegyptiorum
624 1628 776 1668 primo-

261 1670 402 1710 genita
426 1671 593 1711 perierunt
618 1681 669 1714 75,
693 1682 727 1704 11

217 1726 391 1766 primum
410 1727 545 1766 quidem
562 1728 614 1768 69,
634 1736 672 1759 12
691 1727 775 1771 (qui-

260 1770 337 1800 dem
363 1775 405 1806 <
427 1771 526 1813 CM);
553 1773 605 1811 82,
625 1782 659 1810 2,
685 1773 776 1814 prior

262 1820 356 1855 pater
369 1826 504 1856 serpens
518 1818 682 1848 secundus
694 1818 776 1848 Cain

261 1867 313 1900 53,
339 1866 396 1898 27;
430 1861 583 1892 omnibus
610 1862 775 1903 prioribus

264 1909 296 1934 et
343 1906 568 1945 superioribus
609 1907 678 1937 eius
719 1908 774 1938 ab-

260 1949 353 1980 scisis
372 1950 424 1987 66,
438 1959 479 1990 23
492 1961 497 1987 ;
512 1952 590 1981 dum
608 1952 651 1982 ad
665 1951 775 1993 priora

261 2004 294 2024 se
320 1994 391 2035 quis
416 1995 563 2026 extendit
588 1995 639 2034 82,
662 2004 696 2028 ΙΙ

214 2039 451 2079 priusquam
476 2040 594 2070 immer
616 2052 658 2072 m.
682 2042 775 2072 Kon-

252 2083 395 2123 junkliv
420 2083 459 2125 (5
469 2085 574 2127 mal),·
599 2091 775 2127 antequam

252 2128 349 2168 fehlt

214 2168 452 2217 ρτοεὺπέρ
484 2183 612 2214 17.17;
646 2175 773 2216 56,13;

259 2228 318 2257 pro
328 2228 368 2248 eo
379 2219 469 2259 quod
481 2219 630 2249 ziemlz'clz
640 2221 773 2261 hiiufig;

259 2272 319 2301 pro
338 2273 377 2293 eo
392 2271 426 2293 ut
439 2264 491 2302 48,
506 2270 558 2304 15;
577 2275 637 2305 pro
653 2275 774 2305 magno

259 2306 377 2337 haberi
413 2316 464 2348 39,
495 2317 547 2345 123
585 2319 646 2348 pro
683 2314 773 2340 certo

260 2351 384 2382 habere
419 2353 471 2393 56,
493 2361 548 2388 11;
581 2364 640 2393 pro
667 2354 773 2385 nihilo

260 2395 408 2427 duxisset
435 2406 488 2437 92,
511 2407 545 2428 11

214 2450 271 2470 vas
297 2441 521 2481 probabile
547 2442 648 2483 elegit
684 2443 773 2474 hunc

260 2485 365 2515 virum
392 2492 443 2527 55,
462 2486 504 2517 28

215 2529 336 2560 Paulus
361 2530 416 2571 qui
433 2531 524 2571 apud
539 2542 599 2563 vos
618 2543 639 2573 p
650 2544 692 2564 ro
703 2534 773 2564 ba-

261 2574 446 2606 tissimus
476 2576 620 2607 habetur
653 2587 705 2620 25,
732 2587 773 2618 29

215 2618 294 2649 dum
330 2619 402 2663 (in)
440 2631 491 2651 me
532 2622 582 2652 vis
621 2623 774 2663 probra

261 2664 412 2696 conicere
436 2673 490 2707 45,
509 2675 527 2696 2

215 2720 321 2750 nullus
335 2731 355 2761 p
365 2731 380 2751 r
389 2732 408 2751 o
418 2722 523 2753 cidit
540 2733 638 2764 super
652 2723 773 2755 faciem

260 2775 352 2795 suam
378 2765 430 2805 88,
453 2776 465 2797 1
476 2775 488 2797 1
644 2775 660 2795 Φ

215 2820 235 2849 p
244 2819 258 2839 r
266 2819 286 2839 o
296 2809 334 2840 di
344 2820 365 2849 g
373 2810 383 2839 i
392 2821 411 2841 a
424 2812 589 2843 immerm.
598 2813 773 2853 signaver-

260 2853 416 2891 bunofen,-
439 2866 464 2886 s.
490 2856 584 2897 signa

214 2898 359 2938 profer
383 2900 524 2940 (profers
551 2901 610 2944 M)
640 2911 692 2943 30,
716 2912 771 2939 11;

1003 154 1088 184 Acta
1110 153 1267 185 Archelai

864 264 933 304 vgl.
952 264 1037 294 refer
1053 262 1166 305 (refert
1190 264 1230 306 C)
1249 273 1300 305 33,
1315 271 1373 304 27;

865 307 959 338 adfer
983 307 1034 347 88,
1054 317 1097 347 24

819 350 845 382 si
893 353 1018 384 victum
1065 363 1100 384 se
1147 354 1375 394 profitetur

864 397 916 435 80,
935 405 989 434 10;
1015 398 1166 429 nonnulli
1183 399 1326 430 animam
1344 404 1375 430 et

863 452 983 482 corpus
1014 442 1206 483 profitentes
1243 454 1374 475 sensum

862 491 984 527 negant
1009 496 1061 527 99,
1081 495 1124 528 30

817 530 997 571 plurimum
1033 531 1066 561 in
1097 532 1250 563 lacrimas
1280 543 1375 573 pro-

863 575 976 606 fusus
1003 581 1051 606 est
1077 585 1166 617 3,19

817 630 900 661 quae
914 631 985 661 pro
996 621 1121 651 funda
1138 622 1299 653 viscerum
1314 623 1374 653 ob-

861 665 1015 696 sederant
1040 665 1092 705 84,
1113 674 1128 707 5

818 710 1132 753 prohibent-ium
1150 711 1272 742 nubere
1298 710 1374 754 (un-

860 755 1001 796 riclztige
1034 755 1289 797 CberselzngN
1323 765 1373 798 57,

863 808 921 841 253
960 800 1104 830 confisus
1142 811 1214 831 sum
1247 801 1289 832 ad
1321 812 1374 832 ex-

861 844 1030 885 plananda
1042 845 1127 876 haec
1145 850 1176 876 te
1190 856 1257 876 non
1274 856 1374 887 posse

860 889 1031 930 prohiberi
1057 890 1110 928 64,
1129 899 1172 921 20

816 944 836 974 p
845 945 887 965 ro
897 934 1002 964 latio
1011 945 1031 965 n
1042 945 1058 964 e
1068 944 1082 964 s
1144 934 1374 977 (probationes

860 978 949 1020 AM)
963 994 1006 1003 =
1021 975 1059 1012 αἱ
1072 978 1261 1024 προβολαί
1272 989 1323 1018 21,
1334 989 1373 1022 25

815 1033 876 1054 nec
901 1024 1051 1063 potuisse
1069 1024 1193 1065 aliquid
1210 1036 1231 1066 p
1241 1035 1282 1056 ro
1293 1036 1324 1056 m
1334 1036 1374 1056 o-

859 1079 879 1098 v
890 1079 906 1098 e
917 1079 931 1098 r
941 1079 957 1098 e
982 1078 1035 1109 91,
1058 1078 1069 1099 1
1081 1077 1092 1099 1

815 1123 943 1154 prope
976 1114 1204 1144 exterminium
1236 1115 1292 1145 fiet
1324 1123 1394 1157 25„

1393 1158 1656 1200 ,quadrisole
1687 1169 1739 1198 22,
1766 1169 1805 1202 25
1838 1161 1897 1203 (C)

858 1202 966 1233 ximus
985 1209 1012 1241 7,
1036 1210 1090 1241 173
1115 1204 1287 1244 proximos
1305 1204 1376 1235 fieri
1393 1234 1395 1239 ,

857 1247 1023 1287 benignae
1055 1258 1093 1279 ac
1141 1248 1234 1279 diviti
1275 1249 1395 1279 menti¹

863 1166 916 1197 173
944 1157 1017 1188 finis
1036 1164 1085 1189 est
1101 1159 1281 1190 maledicto
1300 1170 1374 1200 pro-

811 1292 1112 1368 vet6e61⁷es28heretici
1154 1348 1175 1378 p
1185 1348 1198 1367 r
1206 1348 1225 1368 0
1235 1349 1254 1378 p
1265 1349 1323 1368 em
1332 1348 1352 1369 o
1362 1356 1374 1362 -

858 1381 976 1412 dum*
1003 1392 1120 1413 omnes
1144 1382 1258 1421 98,18

811 1426 896 1457 haec
913 1426 1166 1467 propensius
1180 1429 1229 1458 sui
1244 1428 1372 1459 intelle·
1392 1468 1393 1482 ¹

856 1471 970 1511 gentia
994 1471 1175 1512 depravent
1199 1473 1252 1511 64,
1271 1471 1314 1503 28

812 1515 1022 1556 propitius
1037 1521 1108 1547 esto
1123 1517 1259 1548 domine
1269 1517 1392 1555 82,28;

812 1561 981 1591 remeandi
1007 1561 1050 1591 ad
1074 1562 1246 1602 propria
1271 1562 1372 1593 sacul-

857 1610 959 1636 tatem
985 1615 1014 1646 3,
1033 1615 1090 1646 3ο;
1125 1607 1216 1647 quod
1246 1611 1392 1650 spectat¹

857 1651 899 1681 ad
930 1651 1066 1691 propria
1096 1649 1280 1692 (propriam
1311 1651 1373 1694 M)

859 1695 910 1735 28,
942 1704 995 1734 14,
1034 1701 1191 1736 quantum
1223 1697 1266 1727 ad
1296 1707 1372 1737 pro-

858 1740 931 1780 pria
955 1738 1138 1780 (propriam
1155 1740 1218 1781 M)
1242 1741 1295 1780 28,
1314 1750 1371 1778 21,

857 1795 932 1815 cum
968 1785 1002 1814 in
1038 1786 1194 1816 omnibus
1229 1786 1373 1827 propriis

857 1829 924 1859 suis
942 1834 1073 1860 maneat
1090 1830 1141 1868 28,
1157 1830 1214 1867 28,
1240 1841 1280 1861 ex
1297 1841 1372 1871 pro·
1390 1870 1392 1880 Α

856 1873 928 1914 pria
952 1884 1010 1904 sua
1034 1884 1178 1914 persona
1204 1874 1256 1913 66,
1276 1885 1312 1906 12

812 1918 891 1958 quid
930 1919 1102 1959 prodest
1138 1918 1306 1961 (prudeest
1345 1920 1375 1950 A

855 1963 1029 1994 vielleiclzt
1061 1964 1196 2006 richtig)
1235 1965 1374 1996 circum-

858 2008 981 2039 cidenti
998 2019 1032 2038 se
1051 2013 1083 2039 et
1104 2009 1277 2041 adversum
1295 2021 1372 2051 pro·
1390 2019 1391 2050 ξ

857 2053 983 2083 ximum
1002 2063 1097 2083 suum
1116 2054 1262 2095 pessima
1280 2055 1372 2095 cogi-

858 2098 939 2128 tanti
965 2106 1015 2137 70,
1035 2105 1076 2136 27

812 2153 831 2172 a
861 2142 1087 2173 saecularibus
1119 2143 1210 2174 iubet

858 2232 1095 2273 conquiescere
1125 2243 1178 2273 49,
1207 2241 1261 2273 17;
1300 2234 1371 2274 dig-

858 2287 935 2307 num
976 2277 1128 2317 protinus
1168 2279 1279 2318 potuit
1318 2289 1371 2309 ex-

857 2322 985 2362 cepisse
1010 2321 1210 2362 supplicium
1235 2323 1288 2362 84,
1306 2332 1325 2353 2

811 2365 838 2396 si
877 2366 1058 2396 humanum
1097 2377 1202 2407 genus
1239 2367 1371 2398 interire

855 2411 1099 2451 provenerit
1113 2420 1165 2452 30,
1180 2421 1237 2452 3ο;
1252 2412 1279 2442 si
1293 2423 1371 2443 casu

856 2455 966 2496 aliquo
998 2457 1187 2496 provenerit
1217 2467 1291 2487 eum
1322 2467 1370 2488 re-

855 2500 922 2540 cipi
960 2509 1019 2539 42,
1049 2509 1106 2538 21;
1154 2501 1371 2541 proveniebat

856 2544 953 2575 facile
984 2546 1200 2585 transgressio
1231 2554 1284 2586 47,
1311 2555 1368 2587 31;

856 2589 947 2630 quod
960 2590 1134 2629 provenire
1146 2595 1257 2631 potest
1271 2591 1369 2621 etiam

855 2634 908 2664 his
941 2642 997 2675 54,
1026 2634 1079 2671 16;
1111 2635 1264 2675 provenit
1295 2646 1369 2666 euni

855 2679 924 2709 vita
949 2678 1087 2719 defungi
1114 2689 1167 2719 91,
1190 2689 1229 2711 10

914 2724 1086 2754 Persarum
1148 2724 1369 2765 provincia

856 2777 909 2808 90,
920 2768 938 2798 8
949 2779 954 2805 ;
971 2767 1029 2798 illa
1042 2769 1367 2811 provincia(Aegyp-

857 2811 922 2854 tus)
967 2821 1020 2852 90,
1055 2821 1112 2854 25;
1149 2814 1367 2854 Babyloniam

857 2868 941 2898 quae
966 2867 1053 2888 nunc
1078 2858 1249 2899 provincia
1272 2859 1367 2890 habi-

858 2907 942 2933 tatur
967 2914 986 2933 a
1010 2902 1117 2933 Persis
1142 2913 1195 2944 91,
1217 2913 1254 2944 13

812 2733 852 2753 CX

856 2197 929 2217 nus
944 2186 1114 2229 (protenus
1130 2150 1371 2231 Cprorggsoltffl)
1390 2178 1391 2201 1

1571 155 1835 199 quantacumque

1410 264 1734 303 provincialium
1759 267 1848 298 salus
1873 268 1924 306 84,
1950 279 1967 309 3

1410 310 1612 349 prudeest
1628 309 1725 352 (statt
1739 311 1892 355 prodest)
1911 312 1968 355 (A)

1458 360 1510 392 70,
1530 362 1571 395 27

1411 399 1634 438 prudentia

1460 451 1509 484 15,
1526 452 1567 485 25

1410 488 1786 530 pseudopropheta
1810 491 1863 531 63,
1886 500 1924 532 13

1411 533 1606 572 conparavit
1651 534 1715 565 sibi
1754 537 1970 576 puerulum

1461 576 1613 618 (puerum
1645 578 1725 621 CM)
1752 589 1804 620 92,
1823 589 1866 612 20

1411 622 1619 663 pugillum
1635 623 1771 664 plenum
1788 626 1869 656 solis
1888 626 1970 657 mihi

1456 666 1550 697 adfer
1581 672 1635 698 aut
1659 669 1810 699 modium
1834 669 1969 710 plenum

1458 710 1510 749 88,
1529 720 1570 752 23

1411 756 1583 786 adversum

1460 809 1508 839 10,
1538 802 1591 837 16;
1624 812 1771 842 pugnare
1796 804 1969 835 adversum

1456 846 1608 876 tenebras
1637 855 1685 885 10,
1703 855 1746 886 23

1411 894 1559 921 naturam
1584 891 1672 921 unde
1692 891 1971 932 pullulaverit

1456 934 1582 966 indicat
1606 936 1659 976 96,
1678 945 1720 967 20

1411 979 1552 1019 pullus
1577 997 1620 1006 =
1646 977 1817 1020 ὀρνίθιον
1852 983 1901 1021 16,
1932 993 1968 1025 17

1457 1023 1548 1066 (bis);
1568 1040 1610 1050 =
1628 1027 1754 1066 πῶλος
1772 1036 1822 1069 73,
1836 1028 1874 1059 18
1893 1027 1968 1071 (bis)

1791 399 1970 446 φρόνησις

1643 767 1677 788 se
1736 764 1970 799 pugnantes

1411 1212 1470 1232 vos
1533 1203 1786 1236 indeclinabiles
1841 1206 1969 1239 iudices

1457 1257 1528 1278 esse
1546 1259 1700 1289 quaeso
1719 1256 1771 1290 79,
1788 1258 1803 1292 5

1411 1296 1446 1321 ut
1482 1292 1669 1325 innotescat
1706 1294 1776 1336 quis
1813 1300 1846 1326 et
1881 1297 1969 1328 unde

1455 1341 1487 1367 et
1526 1338 1661 1378 qualis
1703 1344 1752 1370 est
1789 1349 1893 1380 43,2;
1935 1347 1971 1372 ut

1456 1382 1645 1422 agnoscatis
1662 1384 1734 1424 quis
1759 1384 1801 1415 sit
1825 1390 1857 1416 et
1881 1386 1969 1417 unde

1456 1432 1487 1456 et
1518 1426 1623 1467 qualis
1653 1429 1696 1458 sit
1720 1427 1849 1471 89,15;
1881 1431 1970 1461 auch

1455 1477 1549 1502 ronst
1569 1483 1637 1503 nur
1665 1484 1708 1505 m.
1729 1473 1834 1514 Konj.
1859 1477 1895 1506 in
1920 1477 1970 1506 in-

1456 1516 1607 1547 direkten
1627 1518 1873 1559 Fragesiitzen:
1894 1520 1969 1551 talis

1456 1585 1461 1590 .
1490 1585 1495 1591 .
1523 1586 1529 1592 .
1556 1562 1662 1603 qualis
1693 1563 1745 1602 63,
1770 1573 1805 1603 9;
1839 1572 1890 1605 79,
1910 1566 1967 1602 263

1457 1613 1509 1646 955
1529 1615 1546 1637 2

1410 1650 1595 1690 qualiter
1619 1651 1706 1683 facta
1731 1652 1772 1683 sit
1788 1653 1887 1684 vultis
1912 1655 1969 1685 ad-

1454 1694 1582 1727 discere
1607 1704 1659 1735 27,
1679 1705 1736 1734 20;
1764 1697 1818 1738 qui
1843 1699 1970 1730 nesciat

1455 1741 1625 1780 quomodo
1657 1746 1712 1772 aut
1743 1742 1882 1783 qualiter
1913 1744 1968 1774 de-

1455 1784 1584 1816 functus
1603 1790 1652 1816 est
1664 1796 1717 1825 44,
1732 1795 1765 1818 11
1779 1798 1785 1823 ;
1804 1798 1845 1819 m.
1860 1788 1967 1829 Konj.

1457 1830 1641 1871 Fragesatz
1679 1831 1730 1872 89,
1759 1839 1813 1868 12;
1851 1841 1904 1872 90,
1931 1843 1966 1874 3,

1456 1884 1508 1914 92,
1527 1885 1545 1916 3

1410 1919 1501 1959 quod
1518 1931 1566 1961 qu
1576 1931 1634 1951 am
1647 1931 1760 1951 verum
1774 1922 1816 1953 sit
1829 1922 1967 1953 demon-

1456 1965 1566 1996 strabo
1604 1974 1655 2006 27,
1691 1974 1744 2003 11;
1777 1967 1867 2008 quod
1892 1972 1968 2007 post

1457 2010 1595 2040 multum
1621 2015 1751 2052 tempus
1777 2022 1875 2052 quarn
1893 2022 1968 2052 pro-

1455 2054 1589 2085 missum
1627 2054 1732 2086 fuerat
1761 2057 1877 2087 adesse
1909 2057 1968 2087 de-

1454 2099 1576 2129 sideret
1598 2109 1651 2140 43,
1675 2109 1728 2141 19;
1754 2101 1866 2141 potius
1892 2126 1898 2132 .
1925 2126 1932 2133 .
1960 2126 1966 2133 .

1454 2154 1550 2184 quam
1581 2153 1606 2182 1,
1626 2154 1680 2185 13;
1708 2144 1759 2185 78,
1777 2155 1832 2186 31;
1860 2146 1966 2187 magis

1454 2199 1652 2230 ...quam
1685 2197 1737 2229 27,
1763 2199 1819 2230 3ο;
1852 2197 1905 2232 37,
1931 2200 1965 2228 2;

1454 2241 1507 2272 90»
1533 2242 1575 2273 24

1409 2288 1647 2318 quamquam
1679 2279 1827 2311 videatur
1851 2289 1903 2321 39,
1935 2289 1966 2318 1;

1451 2333 1519 2352 nur
1542 2323 1618 2353 hier

1408 2368 1593 2407 quamvis
1626 2379 1685 2400 nec
1712 2379 1774 2410 ego
1800 2369 1965 2409 potuerim

1453 2412 1505 2450 64,
1533 2421 1590 2450 213
1617 2412 1670 2451 68,
1697 2423 1739 2452 24
1764 2413 1819 2456 (Α)

1407 2457 1569 2497 quando
1595 2457 1715 2498 Indesf.
1745 2466 1772 2500 5,
1804 2469 1840 2499 9;

1450 2516 1494 2526 Ξ
1520 2503 1644 2540 ,wann‘

1406 2555 1474 2576 non
1505 2546 1778 2586 quantitatem
1811 2548 1966 2579 frumenti

1451 2590 1558 2621 sciens
1581 2600 1635 2632 43,
1662 2600 1700 2622 21

1406 2645 1426 2675 q
1434 2645 1455 2665 u
1464 2646 1482 2665 a
1491 2646 1510 2665 n
1520 2640 1559 2666 tu
1567 2646 1581 2665 s
1662 2637 1698 2666 in
1772 2637 1964 2667 indirekten

1449 2679 1678 2720 Fragesiz'tzen
1695 2691 1764 2711 nur
1776 2683 1837 2711 mit
1845 2681 1963 2722 Konj.;

1450 2730 1606 2765 quantum
1637 2725 1758 2756 distare
1791 2725 1871 2757 dicit
1895 2730 1964 2756 tan-

1450 2773 1519 2799 tum
1555 2779 1666 2800 rursus
1703 2770 1784 2801 dicit
1821 2770 1964 2811 separari

1449 2823 1501 2854 99,
1532 2822 1571 2852 14

1403 2869 1604 2899 praeparans
1645 2859 1750 2899 pretia
1790 2863 1963 2901 quanta-

1449 2913 1619 2945 cumque
1633 2905 1867 2945 poposcissent
1881 2913 1912 2943 2,
1930 2913 1961 2942 1;

1874 2464 1971 2490 sonSl
