2164 3406
101 862 143 894 1⁴»

99 1192 138 1224 1?

132 1202 140 1223 )

98 1523 141 1557 20

96 1852 116 1886 {0

119 1854 139 1887 c(

754 149 846 182 Acta
872 148 1039 183 Archelai
1068 150 1171 183 xm'.
1201 150 1322 183 xlm.
1854 158 1904 194 (37

173 260 384 301 uissimam
416 261 666 311 recepturus.
731 259 951 301 Incolumis
983 261 1083 301 mihi
1117 264 1220 310 esto,
1261 265 1373 313 pater
1413 262 1732 314 in‹{÷‹›n]›211·;rl›ilis
1765 266 1804 302 vt
1835 264 1903 303 ho-

171 325 380 367 morabilis.

279 390 410 432 XLVI
442 390 577 444 (XLI).
627 392 812 445 Accepta
842 392 918 432 hac
949 393 1137 445 epistula,
1171 393 1396 433 Archelaus
1428 394 1653 435 admiratus
1686 399 1746 435 est
1776 396 1905 435 homi-

170 458 232 499 nis
263 458 496 504 audaeifflm
527 459 598 497 sed
620 458 785 498 interim
806 457 980 498 Diodori
1002 459 1334 513 allegationibus,
1356 463 1402 499 ut
1423 474 1485 500 res
1509 460 1708 500 suadebat
1730 461 1902 501 celerem

125 530 141 557 Γ
169 526 265 564 dare
296 538 552 577 responsum,
583 525 780 565 continuo
811 524 977 577 scripsit
1007 526 1085 565 hoc
1116 527 1251 566 modo.

278 590 508 631 Archelaus
545 589 730 631 Diodoro
767 591 1009 644 presbytero
1047 591 1134 633 filio
1173 592 1417 641 honorabili,
1461 592 1647 633 salutem.
1706 593 1904 645 Acceptis

168 656 317 698 litteris
347 657 446 707 tuis,
488 656 606 696 valde
639 656 805 709 gavisus
837 672 944 708 sum,
987 656 1263 698 dilectissime.
1333 658 1498 711 Agnovi
1531 661 1667 699 autem
1701 660 1812 711 quod
1843 659 1905 698 vir

168 722 263 771 iste,
305 722 378 776 qui
419 725 513 763 ante
550 723 623 762 hos
655 723 741 763 dies
772 725 823 763 ad
854 738 918 763 me
952 726 1120 763 venerat
1156 726 1196 763 et
1227 724 1441 765 scientiam
1470 724 1593 764 aliam
1623 727 1786 777 praeter
1816 739 1905 764 eam

169 803 276 841 quae
317 788 547 841 apostolica
588 792 649 829 est
689 792 729 829 et
769 788 1050 830 ecclesiastica
1080 789 1340 830 intmducere
1380 790 1589 843 cupiebat,
1631 792 1681 829 ad
1723 794 1762 830 te
1806 806 1905 842 quo—

169 870 248 907 que
290 855 467 907 venerit3
511 869 633 907 quem
677 856 845 908 quidem
883 867 959 908 ego
988 871 1069 895 non
1103 856 1268 903 admisi,
1310 857 1351 896 in
1392 857 1599 908 praesenti
1639 857 1746 895 enim
1787 857 1905 896 nobis

168 921 477 973 disputantibus
521 920 760 962 confutatus
805 924 876 961 est.
947 921 1002 961 Et
1043 921 1168 962 velim
1211 922 1378 974 quidem
1428 921 1566 961 omnia
1616 938 1720 974 quae
1770 938 1791 961 a
1841 937 1938 962 me.

168 987 278 1027 dicta
309 989 406 1027 sunt
435 986 615 1028 scribere
644 986 738 1037 tibi,
769 990 816 1027 ut
846 1002 894 1028 ex
924 986 988 1027 his
1020 999 1265 1039 agnosceres
1297 987 1421 1028 fidem
1454 988 1558 1035 eius3
1597 989 1667 1028 sed
1700 988 1797 1040 quia
1828 988 1906 1027 hoc

167 1054 217 1093 de
258 1052 423 1093 vacanti
467 1052 556 1093 fieri
597 1054 751 1105 poterit
794 1067 902 1094 nunc
939 1054 1051 1105 quod
1080 1054 1210 1094 instat
1250 1054 1393 1105 paucis
1436 1055 1684 1106 respondere
1727 1053 1803 1093 tibi
1840 1068 1906 1093 ne-

167 1119 392 1159 cessarium
423 1119 523 1159 duxi
554 1120 605 1158 ad
636 1133 682 1159 ea
714 1133 819 1172 quae
850 1118 952 1158 mihi
984 1119 1188 1172 scripsisti
1211 1121 1323 1172 quod
1345 1120 1394 1159 ab
1418 1118 1491 1160 illo
1515 1120 1759 1160 dicerentur.
1805 1118 1907 1159 Erat

167 1197 265 1238 ergo
297 1185 334 1224 ei
364 1198 573 1225 summum
603 1185 788 1225 studium
818 1184 952 1237 legem
983 1185 1123 1237 Moysi
1154 1187 1369 1226 ostendere
1387 1201 1470 1225 non
1499 1200 1586 1225 esse
1609 1188 1905 1226 consonantem

165 1249 249 1304 legi
281 1250 439 1291 Christi
470 1253 510 1291 et
540 1252 642 1291 haec
674 1265 722 1290 ex
743 1252 897 1291 nostris
918 1252 1136 1303 scripturis
1159 1253 1399 1292 adseverare
1420 1253 1661 1304 temptabat.
1698 1250 1787 1292 Nos
1810 1265 1905 1291 vero

167 1331 214 1356 ex
245 1318 388 1357 eadem
419 1317 510 1369 ipsa
539 1317 742 1369 scriptura
771 1331 856 1357 non
885 1316 1021 1357 solum
1054 1318 1390 1358 confirmavimus
1420 1317 1558 1371 legem
1579 1318 1717 1370 Moysi
1747 1321 1786 1357 et
1819 1332 1905 1358 om-

165 1383 234 1422 nia
265 1397 370 1435 quae
399 1383 443 1422 in
475 1397 521 1423 ea
551 1383 706 1435 scripta
737 1384 842 1434 sunt⁷
873 1397 1015 1423 verum
1048 1384 1173 1424 etia-m
1204 1398 1326 1424 omne
1346 1387 1464 1424 vetus
1495 1386 1790 1424 testa-mentum
1812 1397 1907 1423 con-

166 1448 305 1488 venire
336 1463 444 1489 novo
475 1450 724 1489 testamento
757 1451 797 1489 et
819 1463 1046 1490 consonare
1077 1449 1344 1502 probavimus
1374 1464 1587 1503 unumque
1616 1464 1702 1490 esse
1734 1451 1906 1492 textum.

165 1517 380 1567 tamquam
411 1515 445 1554 si
476 1529 557 1555 una
586 1515 714 1555 vestis
744 1515 934 1555 videatur
970 1529 1018 1555 ex
1056 1516 1289 1556 subtemine
1325 1518 1450 1569 atque
1487 1516 1661 1555 stamine
1692 1529 1778 1555 esse
1810 1529 1905 1555 con-

165 1583 289 1621 texta.
346 1579 439 1621 Hoc
470 1579 616 1631 solum,
648 1582 760 1633 quod
789 1579 903 1620 velut
931 1595 1159 1634 purpuram
1192 1582 1378 1622 videmus
1409 1582 1451 1621 in
1480 1584 1609 1632 veste,
1641 1596 1794 1622 novum
1824 1584 1905 1621 tes—

165 1649 395 1686 tamentum
425 1647 467 1686 in
498 1648 662 1686 textura
690 1646 842 1686 veteris
875 1648 1136 1699 testamenti3
1167 1647 1343 1701 gloriam
1374 1648 1483 1687 enim
1517 1648 1676 1687 domini
1696 1648 1739 1687 in
1761 1648 1904 1687 eodem

165 1711 438 1765 speculamur.
496 1710 593 1752 Non
623 1723 722 1765 ergo
754 1711 1018 1753 abiciendum
1050 1716 1113 1754 est
1134 1713 1360 1767 speculum,
1392 1727 1485 1754 cum
1507 1714 1626 1754 nobis
1647 1714 1781 1766 ipsam
1802 1713 1904 1753 ima-

166 1779 305 1832 ginem
335 1793 472 1819 rerum
503 1777 683 1819 similem
711 1792 936 1831 veramque
967 1780 1241 1828 demonstret;
1273 1779 1373 1833 quin
1404 1780 1544 1832 potius
1576 1782 1616 1819 et
1647 1793 1693 1819 eo
1725 1778 1904 1831 amplius

164 1845 453 1885 honorandum
485 1847 556 1885 est.
615 1844 695 1886 Sed
727 1847 768 1884 et
797 1859 972 1897 puerum
995 1846 1067 1898 qui
1089 1847 1140 1886 ad
1162 1846 1353 1886 doctores
1375 1861 1397 1885 a
1418 1846 1634 1898 pedagogo
1661 1845 1903 1898 perducitur

165 1925 258 1951 cum
279 1911 413 1951 adhuc
434 1909 632 1963 parvulus
655 1912 727 1961 est,
758 1911 973 1964 numquid,
995 1925 1089 1952 cum
1111 1913 1161 1952 ad
1184 1914 1361 1952 aetatem
1383 1912 1627 1964 pervenerit,
1649 1911 1902 1951 dehonorare

164 1979 329 2030 oportet
358 1979 623 2030 pedagogum
653 1979 824 2029 propter
854 1978 967 2030 quod
995 1978 1079 2018 iam
1111 1992 1235 2031 opera
1267 1977 1353 2017 eius
1390 1992 1473 2017 non
1505 1977 1667 2030 indiget
1697 1979 1737 2017 et
1765 1979 1904 2029 potest

164 2042 278 2083 solus
319 2042 403 2083 iam
445 2043 534 2083 sine
576 2043 663 2083 eius
709 2041 961 2083 adminiculo
993 2045 1045 2083 ad
1077 2043 1212 2085 scolas
1256 2055 1428 2096 pergere
1459 2044 1584 2095 atque
1615 2044 1667 2082 ad
1697 2043 1904 2083 auditoria

277 2174 327 2207 26
354 2173 419 2216 vyl.
447 2174 525 2208 Gal.
551 2175 582 2215 3,
608 2174 692 2208 23ff.

274 2297 307 2329 A
333 2296 415 2340 (von
439 2298 459 2330 (5
484 2296 546 2339 au)
577 2295 650 2330 OM

277 2418 300 2452 3
324 2418 406 2461 hac]
434 2417 525 2453 haec
553 2418 627 2453 OM
656 2418 661 2457 Ι
708 2418 758 2453 10
783 2418 944 2452 uenerim
968 2418 1088 2462 yleielz
1112 2429 1161 2451 zu
1185 2417 1326 2452 uenerit
1351 2428 1441 2451 corr.
1471 2417 1519 2451 C'1
1564 2418 1568 2459 Ι
1615 2417 1663 2451 12
1697 2417 1902 2461 agnosceris

162 2476 194 2508 A
239 2474 243 2517 Ι
290 2475 339 2509 12
365 2474 448 2518 hoc]
473 2474 566 2508 nach
590 2474 726 2519 poterit
746 2474 973 2517 ,qesolzriehen
1003 2476 1039 2518 Ο,
1065 2474 1178 2508 (lm-elz
1203 2473 1354 2508 Zeielzen
1385 2473 1446 2507 der
1468 2472 1646 2515 m'elztzjqen
1672 2472 1773 2506 Stella
1796 2484 1901 2517 zzz-qe-

161 2530 291 2564 udesen
312 2530 361 2564 0²
396 2531 400 2571 Ι
440 2530 490 2565 13
508 2530 629 2575 potest
645 2531 679 2564 A
723 2532 727 2574 Ι
774 2531 824 2565 14
850 2542 893 2565 ea
911 2531 1016 2574 quae]
1044 2544 1076 2575 q,
1104 2531 1136 2564 A
1182 2531 1186 2574 Ι
1232 2531 1281 2565 15
1307 2529 1480 2572 studium]
1507 2528 1572 2563 das
1595 2528 1717 2562 mrez'te
1740 2541 1764 2562 u
1788 2540 1856 2563 aus
1882 2542 1901 2564 o

162 2597 251 2620 corr.
276 2586 310 2620 A
354 2587 358 2629 Ι
402 2596 505 2629 mosy
534 2586 564 2620 O
605 2586 609 2630 Ι
656 2587 702 2621 17
732 2588 823 2620 nach
847 2587 966 2632 legem
991 2592 1033 2627 -Ι-
1061 2588 1097 2621 et
1122 2587 1155 2620 A
1198 2587 1203 2628 Ι
1246 2597 1349 2629 mosy
1380 2586 1409 2619 Ο
1449 2587 1454 2626 Ι
1501 2585 1550 2620 18
1581 2585 1716 2619 scribta
1741 2586 1844 2618 erant
1869 2587 1901 2618 A

163 2643 166 2687 Ι
207 2654 351 2678 omnem
380 2642 453 2678 OM
491 2643 495 2686 Ι
541 2643 592 2677 20
616 2655 727 2677 unam
757 2643 786 2677 O
827 2643 831 2686 Ι
876 2653 919 2676 ex
944 2649 987 2680 <
1011 2643 1045 2676 A
1081 2644 1085 2686 Ι
1130 2640 1332 2687 suptemine
1356 2643 1389 2674 A
1415 2639 1611 2674 subtimine
1640 2640 1714 2675 GM
1740 2642 1744 2683 Ι
1778 2641 1899 2684 atque]

163 2699 305 2742 adquae
329 2699 363 2732 A
399 2700 436 2733 et
461 2710 531 2742 que
560 2699 589 2733 O
631 2700 634 2742 Ι
680 2700 729 2734 21
768 2700 907 2733 uestem
937 2699 1011 2733 OM
1049 2700 1054 2741 Ι
1100 2699 1150 2733 22
1192 2698 1376 2732 texturam
1412 2696 1525 2731 ΛΟΜ
1564 2697 1567 2739 Ι
1612 2696 1766 2740 gloriam
1792 2697 1899 2740 enim]

164 2755 318 2799 gloriam
342 2755 393 2789 im
416 2766 466 2788 mo
490 2755 608 2800 gloria
632 2755 727 2789 enim
753 2766 843 2789 corr.
870 2756 903 2788 A
948 2756 951 2798 Ι
998 2755 1049 2789 23
1087 2753 1272 2799 speculum
1309 2764 1390 2787 cum
1425 2752 1541 2795 nobis]
1580 2752 1764 2796 speculum
1797 2752 1901 2786 nobis

164 2810 261 2853 quod
283 2810 313 2845 O
326 2810 430 2845 nobis
448 2811 631 2855 speculum
650 2810 746 2854 quod
764 2810 809 2844 M
835 2811 839 2853 Ι
877 2811 928 2845 24
949 2810 1217 2845 demonstraret
1234 2810 1266 2840 A
1310 2809 1314 2852 Ι
1360 2809 1410 2843 25
1437 2807 1616 2851 doctores]
1638 2807 1785 2842 doctore
1808 2808 1852 2841 iis
1875 2808 1904 2841 C

163 2867 351 2902 doctorem
377 2866 422 2899 M
460 2867 464 2909 Ι
525 2867 574 2902 26
610 2867 733 2901 aetate
757 2868 790 2900 A
835 2868 839 2909 Ι
883 2866 1124 2900 dehonestare
1149 2865 1181 2898 A
1225 2866 1230 2908 Ι
1275 2865 1322 2899 27
1362 2864 1457 2897 maele
1493 2864 1637 2908 oportet
1663 2868 1703 2903 -Ι-
1729 2864 1765 2897 et
1806 2864 1835 2898 O
1896 2887 1899 2906 Ι

164 2923 285 2968 opera]
314 2934 377 2957 ora
406 2922 479 2956 OM
518 2924 522 2966 Ι
568 2924 618 2958 28
645 2922 691 2956 ad
717 2921 910 2965 auditoria]
938 2921 1161 2966 plauditoria
1189 2921 1219 2955 G

1651 2977 1697 3009 5*

1933 602 1954 634 [ὗ

1929 1857 1951 1888 (5
