2164 3406
374 122 605 153 seductoribus

227 233 445 264 adtendentes
505 232 674 273 spiritibus
729 233 805 263 se-l

273 278 522 309 ductoribus
550 285 600 318 57,
627 286 669 315 24

227 323 356 354 semel
397 323 548 353 absolute
582 330 634 361 31,
668 321 704 359 8,
746 322 788 352 de

272 368 375 398 semel
403 368 452 408 56,
480 368 521 398 26

225 412 424 443 zizaniorum
493 411 786 442 seminatorem
803 444 805 454 1

274 466 326 496 24,
352 466 394 488 22

224 512 367 533 sensus
398 524 441 527 -—
474 505 560 541 ιοῦς
591 501 785 542 8,19;=

271 542 396 580 ἔννοια
420 556 468 589 15,
488 556 544 588 25,
573 558 633 578 nec
654 557 784 577 sensum
803 550 804 582 1

270 603 330 623 nec
355 592 498 623 animam
522 593 702 623 humanam
728 592 784 622 ha-

270 638 382 668 buisse
420 638 592 668 dominum
630 646 688 677 99,
726 647 783 677 27·

270 693 400 713 sensum
427 683 462 713 id
488 687 536 713 est
561 688 705 713 mentem
732 692 785 712 ne-

269 732 349 768 gant
374 738 425 768 99,
453 735 491 767 31

225 782 316 802 sera
341 773 424 803 fehlt

224 827 299 847 cum
317 828 336 848 a
361 818 652 848 servatoribus
670 817 784 858 hospi-

272 862 392 893 tiorum
419 863 676 904 interrogaretur
695 870 722 903 5,
747 871 780 893 11

226 917 324 947 quem
353 911 479 938 tantum
497 907 708 938 severum*
727 918 784 948 pu-

270 956 339 983 tant
364 952 537 983 dominum
563 952 615 992 98,
643 961 679 982 21

225 997 256 1026 si
283 1003 332 1027 est
350 1002 412 1027 est:
439 998 550 1027 dieser
571 998 684 1037 Typus
708 997 788 1026 sehr

269 1042 390 1083 lzc‘z'ufig
402 1041 511 1084 (mehr
522 1044 574 1073 als
587 1052 634 1080 50
643 1040 743 1083 Μαί),
759 1041 783 1071 si

270 1086 342 1126 quis
351 1088 498 1128 sequitur
513 1088 673 1118 morietur
686 1096 733 1127 19,
748 1086 786 1117 16

271 1130 398 1171 (dieser
418 1131 529 1173 thpus
548 1143 602 1162 um
620 1142 664 1162 ,20
681 1132 788 1172 mal),-

270 1177 296 1206 si
321 1187 388 1208 non
420 1183 469 1207 est
493 1177 597 1207 homo
626 1187 686 1207 nec
717 1182 785 1207 ten-

269 1227 320 1252 tus
352 1228 401 1253 est
432 1222 484 1260 88,
503 1231 560 1262 27,
593 1222 620 1252 si
652 1221 787 1252 creditis

270 1267 381 1307 Moysi
422 1266 592 1298 crederitis
635 1272 665 1297 et
705 1266 789 1297 mihi

271 1320 322 1351 77,
364 1320 418 1353 15;
460 1312 487 1342 si
523 1312 589 1342 hoc
625 1311 788 1352 possibile

270 1361 320 1387 est
344 1368 443 1398 quare
470 1367 535 1387 non
561 1357 712 1387 dicamus
736 1365 788 1395 29,

272 1400 308 1437 8,
347 1402 374 1432 si
412 1402 566 1443 capiebat
606 1402 698 1432 nulla
740 1406 789 1432 est

274 1446 462 1478 differentia
487 1457 541 1486 41,
568 1456 626 1487 34;
661 1447 687 1477 si
713 1457 789 1477 esca

273 1496 343 1522 erat
359 1493 546 1522 necessaria
565 1492 718 1533 capiebat
734 1501 788 1530 41,

271 1545 312 1577 29
339 1534 379 1578 (si
406 1542 474 1567 erat
499 1541 567 1567 erat
585 1546 613 1574 3
630 1536 738 1577 mal),·
762 1536 788 1566 si

270 1581 460 1622 provenerit
489 1601 533 1604 —
565 1593 629 1623 qua
660 1582 788 1612 ratione

271 1627 394 1666 poterit
425 1645 466 1649 —
492 1627 519 1657 si
544 1627 701 1668 parebat?
734 1636 788 1665 42,

271 1679 328 1706 21;
361 1671 389 1701 si
415 1671 640 1712 expectandus
672 1676 721 1702 est
743 1689 789 1693 —

270 1715 408 1747 inferior
432 1722 480 1747 est
504 1735 547 1738 —
573 1717 664 1757 quod
689 1717 715 1747 si
740 1717 787 1747 in-

272 1760 374 1792 ferior
415 1762 476 1792 erit
515 1761 682 1802 perfectus
722 1772 788 1792 non

270 1805 330 1836 erit
377 1807 429 1846 63,
467 1817 486 1847 9
533 1806 574 1853 (si
621 1807 681 1837 erit
728 1806 789 1837 erit

263 1850 409 1892 5mal);
442 1852 469 1881 si
500 1862 567 1882 non
599 1857 648 1882 est
672 1862 787 1891 passus

270 1905 392 1926 nomen
418 1895 562 1927 aufertur
587 1896 787 1936 84,14(um

270 1949 313 1970 12
332 1940 434 1983 mal);
468 1941 659 1981 perduravit
683 1943 710 1971 si
737 1941 788 1972 cui

272 1985 357 2016 vires
384 1985 516 2016 fuerunt
541 1995 570 2025 3,
594 1995 624 2023 1,
652 1986 678 2016 si
703 1996 787 2027 quae

271 2030 477 2061 indulserunt
525 2030 707 2072 (indulsere
747 2031 794 2061 M

271 2075 482 2116 indulgerent
511 2074 554 2115 C)
594 2086 787 2116 praesump-

270 2126 381 2151 serunt
407 2129 435 2160 3,
459 2130 496 2162 13
526 2119 536 2163 (
540 2129 569 2159 5
584 2121 667 2163 mal)
677 2132 690 2155 ,·
716 2121 788 2161 fiir

270 2165 298 2195 si
318 2165 414 2196 suerit
431 2171 481 2196 est
505 2164 592 2207 (erit)
618 2177 642 2196 s.
663 2172 788 2201 umens

271 2210 298 2240 si
322 2210 565 2241 admisceantur
578 2211 786 2252 (ammiscen-

272 2259 324 2285 tur
336 2256 398 2297 M)
413 2256 673 2286 exterminantur
687 2264 739 2297 25,
749 2265 769 2296 9
780 2266 785 2292 ;

271 2299 299 2330 si
330 2300 423 2331 dicas
455 2301 641 2332 ostenditur
666 2310 718 2341 29,
749 2311 788 2340 14

272 2343 341 2386 (um
371 2355 417 2383 23
433 2344 533 2387 Μαί),
567 2345 595 2376 si
627 2346 788 2376 abiciatur

271 2389 409 2430 capietis
441 2399 498 2430 23,
531 2399 588 2432 25;
622 2391 649 2420 εἰ
681 2391 788 2421 consi-

271 2435 394 2465 deretis
431 2435 605 2466 invenietis
643 2436 701 2474 26,
729 2444 785 2475 29;

273 2479 300 2509 si
330 2490 451 2520 negem
483 2485 617 2521 expetet
648 2480 789 2522 (expetit

278 2524 372 2566 CM)
398 2524 451 2563 28,
481 2534 536 2561 11;
562 2526 630 2566 vgl.
659 2533 710 2565 37,
729 2535 787 2566 23,

273 2568 325 2609 38,
351 2579 389 2608 4;
414 2578 468 2608 41,
487 2579 544 2610 233
571 2572 624 2610 63³
655 2579 708 2609 14;
737 2579 788 2610 74,

276 2623 330 2652 14;
363 2615 390 2644 si
415 2614 501 2645 nolis
526 2615 711 2651 proclamet
736 2615 788 2655 85,

276 2666 313 2699 15
340 2656 422 2700 (nur
445 2658 549 2701 hier);
588 2660 615 2690 si
638 2660 788 2690 introdu-

273 2708 361 2733 ceret
375 2708 444 2734 erat
455 2704 568 2735 videre
583 2713 634 2746 35,
650 2714 691 2736 22
710 2706 790 2745 (nur

271 2746 374 2789 hier),
407 2747 435 2778 si
461 2753 547 2779 esset
578 2755 665 2780 esset
690 2749 787 2786 fehlt;

273 2791 300 2821 si
318 2792 416 2823 fuerit
433 2797 482 2823 est
499 2792 588 2835 (erit)
608 2805 700 2826 ww:
718 2795 792 2834 fiir

274 2837 389 2868 diesen
402 2861 421 2874 „
433 2837 718 2870 Condicionalz's“-
728 2838 787 2879 Ty-

269 2885 336 2921 pus
353 2892 378 2913 s.
398 2882 514 2919 Blase,
533 2883 659 2915 Archiv
674 2884 709 2925 f.
729 2884 787 2915 lat.

925 122 992 150 Lat.
1018 117 1252 158 Wmtregister

868 232 950 263 Lex.
977 243 1009 263 u.
1042 232 1153 263 (imm.
1190 233 1250 262 lm.
1272 242 1322 262 10.
1352 234 1402 263 δῇ

861 276 982 316 313]ῗῖ

868 323 1014 352 Ιὰυίηωι
1045 323 1127 353 sind
1160 325 1203 353 im
1241 323 1403 363 Folgmz-=

1032 277 1141 308 lndsle.
1176 278 1249 308 mul
1278 278 1383 317 lx'otzj.

869 368 934 397 (ἴση
966 368 1320 407 zusczmmctlgegeheu.·
1358 369 1383 398 si

869 413 1028 452 deceptus
1068 414 1163 443 suerit
1190 412 1403 455 (γίγιἾ-ται),

868 457 1008 488 effundit
1026 457 1187 493 (effundet
1200 458 1243 495 A)
1262 457 1384 498 (κατα-

866 499 957 545 χέει)
981 511 1028 540 14,
1048 511 1104 543 25;
1138 502 1163 532 si
1183 503 1386 533 concusserit

868 544 1057 598 (σαλείσῃ.)
1107 548 1141 578 fit
1189 547 1384 600 (γίγιζεται)

872 593 1182 633 15,17;51laver1t
1208 590 1384 635 (joi-Hac)

867 637 1016 668 vulnerat
1047 636 1208 691 (πήσσει)
1245 639 1292 677 16,
1326 647 1383 677 24,

867 682 893 712 si
919 682 1033 712 exierit
1059 678 1217 724 (ἕξίλθη)
1250 683 1385 713 traditur

868 727 1028 769 (tradetur
1046 729 1089 769 A)
1110 726 1383 772 (παυαὸιδοται)

872 773 920 810 18,
937 781 994 808 22,
1021 773 1070 802 sin
1090 759 1268 803 ostendero
1288 773 1384 803 inter-

867 817 1002 848 imenda
1034 822 1082 847 est
1114 825 1165 858 25,
1188 825 1243 853 11,
1277 828 1383 858 neque

870 861 1074 893 inhabitator
1114 862 1311 893 conlocatur
1357 863 1384 893 si

868 918 935 937 non
961 907 1002 937 sit
1027 911 1213 938 extructum
1247 917 1297 947 33,
1326 907 1382 944 28,

868 952 893 982 εἰ
920 952 1081 992 placuerit
1105 952 1256 992 indulget
1274 961 1328 990 40,
1350 961 1382 993 5,

867 997 935 1037 vgl-
964 1005 1095 1036 72‚23;
1125 1004 1257 1037 79212:
1286 996 1404 1037 8132*

868 1042 920 1080 84,
939 1049 996 1078 21,
1025 1041 1076 1081 87,
1097 1050 1130 1083 5,
1157 1042 1183 1071 εἰ
1209 1041 1404 1079 dicusseris;

868 1085 1087 1127 (allgemez'ne
1110 1097 1140 1118 2.
1167 1087 1293 1117 Person
1319 1092 1405 1117 nur'

867 1132 942 1162 hier
967 1142 1008 1163 w.
1035 1142 1061 1162 e.
1087 1131 1169 1173 sch.)
1195 1141 1247 1172 99,
1275 1142 1331 1172 31,
1359 1133 1405 1162 si*

1214 1175 1384 1220 (θερίζει)
1404 1209 1405 1214 ,

869 1176 941 1217 quis
991 1177 1165 1207 messuerit

870 1222 1053 1252 demetetur
1092 1188 1386 1274 (θερισθήσεται)

868 1285 913 1289 —
937 1267 964 1296 si
989 1267 1115 1297 miserit
1141 1263 1247 1310 (βάλ).
1254 1266 1288 1309 η)
1314 1267 1386 1298 mit-

871 1316 956 1342 tetur
993 1310 1250 1355 (βληθησεται)
1284 1331 1327 1334 ——
1359 1303 1405 1342 εἰ]

871 1357 1094 1397 consparserit
1187 1354 1384 1400 (φυρασας)

872 1406 1112 1442 conspargetur
1160 1400 1384 1456 (φυοαθήσε-

870 1445 944 1488 ται)
976 1465 1019 1468 -
1051 1446 1078 1476 si
1110 1446 1237 1477 coxerit
1262 1443 1385 1488 (ὀπτη-

871 1492 951 1533 (mg)
978 1497 1181 1533 excoquetur
1209 1488 1385 1534 (ὀπτηθῆ-

872 1536 988 1577 σεται)
1020 1545 1068 1576 17,
1098 1536 1244 1572 18——20;
1279 1538 1304 1567 si
1332 1548 1386 1567 ex-

870 1582 1028 1622 presserit
1053 1582 1228 1622 adparebit
1254 1591 1306 1622 27,
1330 1592 1384 1622 13,

870 1633 923 1666 27,
950 1636 1007 1666 23,
1041 1635 1098 1666 30,
1125 1636 1181 1667 30,
1214 1627 1299 1657 sicut
1330 1627 1386 1657 ad—

869 1676 943 1702 suat
973 1671 1045 1712 quis
1083 1672 1119 1702 fit
1149 1690 1191 1694 —
1230 1671 1257 1702 si
1288 1672 1385 1702 adso-

870 1717 991 1747 ciatum
1029 1716 1126 1747 fuerit
1171 1716 1302 1748 interiet
1333 1726 1385 1757 33,

874 1771 927 1796 11;
966 1761 992 1791 si
1030 1761 1158 1792 dicatur
1188 1780 1230 1783 —
1263 1762 1323 1792 erit
1359 1762 1386 1792 si

869 1817 937 1837 non
953 1806 1119 1847 acceperit
1138 1814 1188 1848 35,
1205 1813 1237 1847 5,
1257 1816 1310 1845 4ο,
1330 1816 1362 1838 11
1378 1818 1383 1843 ;

869 1851 896 1881 si
910 1852 1100 1892 provenerit
1112 1852 1235 1892 poterit
1252 1852 1279 1882 si
1294 1862 1385 1892 pare-

869 1897 927 1927 bat
961 1906 1015 1935 42,
1042 1905 1099 1933 21;
1138 1896 1165 1926 si
1204 1897 1383 1928 ostendero

870 1941 1082 1972 confiteberis
1099 1950 1153 1981 47,
1176 1949 1230 1982 15;
1258 1950 1308 1983 52,
1324 1941 1381 1977 28:

870 1987 897 2016 si
914 1986 1091 2026 protuleris
1110 1990 1141 2016 et
1161 1987 1264 2017 facias
1281 1996 1382 2026 genu-

868 2031 923 2061 isti
954 2036 985 2061 et
1016 2030 1135 2061 diceris
1167 2038 1218 2072 54,
1245 2041 1280 2072 9,
1312 2033 1381 2072 vgl.

869 2077 922 2114 69,
949 2085 984 2116 9;
1018 2084 1069 2115 72,
1097 2084 1132 2116 3;
1167 2085 1218 2116 79,
1248 2086 1302 2112 12:
1330 2076 1381 2114 84,

870 2131 925 2157 21,
955 2120 1007 2159 88,
1028 2130 1061 2161 3,
1081 2120 1133 2160 98,
1152 2130 1188 2158 2,
1215 2121 1241 2151 si
1260 2121 1383 2151 dixeris

870 2165 930 2196 suit
960 2170 991 2196 et
1021 2165 1138 2206 recipit
1170 2175 1227 2207 29,
1261 2175 1318 2203 21,
1357 2166 1384 2196 si

868 2210 1045 2251 protuleris
1077 2215 1109 2241 et
1145 2210 1247 2242 facias
1282 2221 1382 2251 genu-

870 2255 924 2286 isti
950 2260 982 2285 et
1000 2256 1120 2286 diceris
1149 2264 1199 2297 54,
1218 2266 1254 2296 9,
1280 2256 1385 2287 habu-

869 2300 954 2331 imus
991 2299 1018 2330 si
1054 2300 1178 2331 dixeris
1216 2300 1268 2338 81,
1295 2310 1330 2337 2,
1356 2301 1383 2331 si

868 2344 1011 2386 gesseris
1029 2350 1061 2375 et
1077 2345 1239 2376 abieceris
1259 2353 1309 2387 54,
1328 2355 1339 2376 1
1351 2356 1362 2377 1
1377 2357 1382 2381 ;

870 2391 897 2420 si
922 2391 1068 2431 potuerit
1092 2391 1169 2421 dico
1194 2391 1384 2422 abscideret

869 2444 922 2476 97,
950 2445 1007 2476 31,
1045 2435 1072 2465 si
1108 2436 1251 2466 voluerit
1287 2436 1383 2476 exige

869 2481 1086 2511 iustissimum
1118 2485 1167 2511 est
1192 2481 1244 2520 69,
1275 2489 1328 2520 17;
1355 2481 1381 2510 si

870 2525 992 2555 dixerit
1022 2526 1126 2556 nolite
1160 2525 1209 2566 58,
1242 2535 1271 2556 2.
1299 2532 1325 2566 5.
1345 2526 1380 2561 6,

869 2571 938 2611 vgl.
961 2579 1010 2611 57,
1033 2580 1087 2609 14,
1113 2570 1166 2609 64,
1187 2579 1244 2610 30,
1269 2571 1296 2600 si
1310 2581 1381 2611 per-

871 2615 1015 2645 veuisset
1054 2615 1164 2646 aiebat
1205 2623 1238 2656 5,
1277 2625 1312 2655 9;
1355 2616 1381 2645 si

871 2660 1116 2700 supervenisset
1161 2660 1240 2700 quid
1282 2660 1383 2690 fiebat

870 2714 922 2742 41,
950 2706 992 2736 26
1024 2704 1152 2745 (dieser
1178 2704 1292 2745 Typets
1316 2715 1384 2735 nm·

870 2749 972 2791 hier)‚·
990 2749 1016 2779 si
1034 2760 1099 2780 non
1117 2750 1383 2789 obtemperasset

870 2805 934 2834 qua
960 2805 999 2824 ex
1023 2804 1121 2825 causa
1153 2794 1267 2824 fuisset
1293 2803 1344 2834 32,
1364 2803 1382 2833 3

870 2838 952 2879 (nur
981 2838 1082 2880 Ιιίεν),
1121 2839 1384 2879 contemplemur

871 2884 897 2914 si
917 2895 982 2914 non
1001 2883 1046 2914 ita
1063 2894 1097 2914 se
1114 2884 1239 2914 habent
1257 2892 1308 2924 34,
1328 2884 1382 2920 16,

1655 121 1788 151 sonabit

1908 124 1978 164 131

1466 232 1554 262 (licat
1572 232 1596 261 si
1613 237 1661 262 est
1678 231 1837 262 iudicium
1856 241 1905 273 51,
1922 234 1978 268 26,

1467 277 1638 316 passiones
1670 277 1710 306 ad
1743 277 1899 308 deitatem
1931 289 1980 308 re-

1468 321 1574 351 scrunt
1605 322 1630 351 si
1658 322 1800 352 animam
1834 334 1897 353 non
1924 323 1980 353 ha-

1466 366 1536 396 buit
1556 375 1625 406 100,
1645 377 1678 401 2;
1699 367 1769 406 fiir
1792 367 1818 397 si
1845 368 1979 409 quidem

1466 422 1492 442 s.
1524 412 1675 452 qui‹lem;
1703 424 1726 441 s,
1754 413 1840 442 uncle
1873 424 1910 444 ac
1942 414 1979 450 si,

1467 456 1493 486 si
1513 461 1633 495 tamen,
1648 463 1815 497 tamquam
1835 458 1871 497 si,
1890 458 1979 488 velut

1466 501 1508 539 si3
1536 502 1605 541 vgl.
1633 512 1716 538 cum,
1745 502 1798 542 qui

1422 547 1523 576 miror
1537 546 1626 587 quod
1644 547 1702 576 sic
1717 551 1782 576 tam
1797 548 1864 578 cito
1879 553 1979 577 trans-

1467 591 1610 621 ferimini
1632 599 1681 632 57,
1706 601 1759 627 11;
1787 602 1907 632 corpus
1933 594 1980 624 sic

1467 636 1507 666 de
1549 636 1655 666 Maria
1702 637 1900 667 confitentur
1946 643 1981 668 ut

1466 681 1532 711 hoc
1570 681 1610 711 de
1642 681 1842 712 caelestibus
1873 683 1979 712 vindi-

1465 730 1541 756 cent
1565 736 1617 766 99,
1644 736 1686 766 29
1723 726 1828 765 (dlese
1857 728 1980 757 „Korre-

1466 772 1570 801 latim
1596 781 1664 801 nur
1687 771 1772 812 hier)

1421 816 1528 846 sicut
1559 830 1601 839 =
1633 817 1717 846 sicut
1757 818 1783 846 si
1827 825 1979 856 33,11·.

1464 869 1533 912 42,
1547 869 1602 900 33,
1629 861 1838 901 gewejlznlzclz
1857 877 1900 886 z
1918 857 1969 901 ὼς

1466 917 1491 936 s.
1518 916 1584 944 ως,
1605 906 1714 936 sicut.
1736 907 1979 947 .1ῖῑ137,34;

1468 950 1518 991 56,
1546 959 1602 989 31·
1641 951 1726 981 sicut
1763 976 1802 981 ..
1830 976 1836 981 .
1869 952 1913 982 ita
1950 958 1981 982 et

1468 1005 1519 1034 24,
1553 1006 1587 1035 9;
1619 1004 1673 1034 4ο,
1705 996 1762 1032 26,
1796 996 1911 1027 sicut.

1467 1041 1513 1070 ita
1544 1040 1642 1070 etiam
1675 1049 1726 1080 23,
1754 1050 1811 1074 2ος
1844 1042 1896 1080 84,
1923 1050 1980 1083 25·

1468 1086 1513 1115 ita
1540 1110 1545 1116 .
1572 1110 1578 1115 .
1607 1110 1612 1115 .
1640 1092 1723 1115 scut
1748 1095 1800 1125 90,
1828 1094 1870 1116 20

1423 1130 1684 1170 signaculum
1717 1132 1902 1171 exprimere
1928 1140 1980 1171 27,

1471 1183 1525 1215 13;
1564 1176 1737 1215 apostolus
1774 1176 1868 1206 addit
1899 1182 1980 1207 tam-

1468 1231 1566 1261 quam
1585 1221 1792 1260 signaculum
1809 1221 1981 1262 quoddam

1468 1265 1654 1295 testamenti
1683 1265 1733 1307 58,
1760 1275 1800 1307 25

1423 1310 1551 1341 dabunt
1575 1311 1693 1351 signa
1711 1321 1831 1351 magna
1856 1316 1888 1342 et
1907 1322 1981 1352 pro-

1468 1355 1560 1395 digia
1579 1354 1629 1396 58,
1643 1365 1679 1395 4,
1705 1356 1840 1397 vgl.5S,
1859 1365 1906 1397 13.
1924 1365 1980 1397 31,

1470 1407 1519 1440 59,
1550 1409 1602 1439 13;
1630 1400 1682 1439 68,
1709 1410 1746 1431 21

1422 1444 1607 1475 universam
1627 1445 1695 1475 eius
1714 1446 1892 1476 verborum
1911 1446 1981 1476 sil-

1466 1501 1554 1520 vam
1580 1490 1769 1521 abscideret
1793 1499 1846 1530 97,
1872 1500 1912 1531 32

1422 1535 1619 1565 similiter
1659 1551 1702 1560 z
1744 1530 1804 1568 ἶσα
1845 1536 1881 1574 6,
1923 1546 1940 1566 2
1975 1549 1980 1571 ;

1467 1596 1509 1605 =
1535 1577 1676 1620 ὁμοίως
1701 1589 1754 1619 2ο,
1781 1590 1821 1611 22

1422 1623 1981 1666 similitudinemzrjuolomzv

1471 1679 1519 1710 19,
1546 1679 1604 1710 27,
1648 1681 1706 1710 per
1743 1671 1980 1702 similitudines

1467 1715 1576 1746 dicam
1601 1725 1654 1754 4ο,
1682 1725 1722 1755 32

1422 1760 1728 1800 simpliciorum
1766 1755 1980 1800 (r‘4717Q0t6t5-

1468 1810 1558 1848 μοι)
1584 1805 1734 1857 magistri
1759 1806 1788 1841 6,
1816 1815 1873 1847 25;
1905 1806 1981 1836 sirn-

1465 1850 1647 1890 pliciores
1658 1845 1852 1894 ἁπλάριοι)
1876 1860 1923 1891 19,
1939 1861 1982 1889 24

1401 1897 1403 1908 '
1419 1906 1459 1926 ne
1486 1901 1737 1935 e)rrumpantur
1753 1906 1866 1926 sensus
1882 1897 1981 1926 vestri

1464 1951 1484 1971 a
1508 1940 1786 1980 simplicitate
1806 1938 1980 1983 (ἁπλότη-

1464 1986 1539 2024 τος)
1558 1985 1654 2026 563

1420 1994 1922 2070 εἱωρῙῙθίῖθΙΓΞᾶπκῶςὸ,
1938 2039 1980 2071 30

1419 2075 1549 2115 rogavit
1580 2075 1700 2105 simul
1731 2085 1797 2105 uno
1829 2080 1981 2116 tempore

1466 2120 1518 2159 69,
1545 2119 1565 2149 6

1420 2164 1556 2195 sinere
1587 2163 1700 2206 (sinire
1732 2164 1818 2207 CM)
1845 2175 1979 2204 praece-

1464 2209 1513 2249 pit
1531 2208 1582 2250 83,
1605 2219 1659 2249 14;
1687 2210 1794 2240 sinere
1821 2209 1980 2251 (sinerent

1472 2254 1513 2295 C)
1541 2254 1592 2294 89,
1620 2263 1636 2294 7

1420 2299 1446 2329 si
1483 2300 1592 2329 anima
1635 2304 1684 2330 est
1727 2304 1759 2330 et
1791 2310 1911 2341 corpus
1948 2305 1980 2330 et

1465 2355 1531 2374 non
1575 2344 1706 2375 solum
1748 2355 1868 2386 corpus
1909 2344 1979 2375 sine

1465 2389 1576 2419 anima
1603 2397 1654 2428 32,
1682 2397 1739 2428 27:
1771 2400 1838 2420 non
1869 2390 1978 2420 solum

1532 2459 1538 2465 .
1576 2445 1690 2464 verum
1727 2435 1826 2465 etiam
1856 2441 1908 2476 45,
1941 2445 1976 2474 9,

1464 2489 1524 2509 nec
1550 2479 1658 2509 solum
1684 2504 1691 2511 .
1753 2505 1758 2511 .
1785 2479 1845 2509 sed
1870 2487 1920 2520 50,
1944 2488 1976 2516 1;

1463 2535 1531 2554 non
1556 2524 1664 2554 solum
1691 2549 1697 2554 .
1724 2549 1729 2554 .
1759 2549 1764 2554 .
1791 2524 1850 2554 sed
1875 2529 1907 2554 et
1926 2532 1977 2565 50,

1468 2578 1522 2608 19;
1548 2579 1614 2598 non
1640 2569 1749 2599 solum
1775 2593 1781 2600 .
1833 2593 1839 2599 .
1864 2579 1977 2599 verum

1463 2613 1561 2644 etiam
1588 2618 1619 2644 et
1645 2621 1695 2654 55,
1722 2623 1765 2653 24

1418 2658 1517 2689 deum
1549 2658 1810 2688 solummodo
1842 2659 1977 2689 nomine

1464 2703 1613 2743 appellas
1639 2711 1690 2743 39,
1722 2703 1774 2739 16,
1802 2703 1899 2733 trium
1925 2714 1977 2734 so-

1464 2748 1638 2778 lummodo
1672 2757 1861 2778 sermonum
1887 2758 1977 2778 men-

1465 2792 1590 2823 tionem
1616 2792 1725 2822 fecisti
1749 2793 1802 2830 46‚
1833 2800 1870 2832 13

1420 2838 1446 2867 si
1477 2837 1556 2877 quid
1587 2837 1764 2877 inperitum
1795 2842 1850 2867 aut
1882 2836 1975 2867 rusti-

1465 2892 1538 2913 cum
1557 2881 1724 2912 sonabit
1741 2881 1848 2912 oratio
1866 2882 1917 2921 63,
1933 2891 1975 2922 30

1654 2945 1694 2977 9,,
