2164 3406
190 886 205 917 1

210 889 230 913 Η

261 182 310 221 34
1002 178 1246 223 Hegemonius

260 287 432 328 trarium
462 289 637 330 inveniri
667 291 819 342 potest,
851 291 891 330 et
919 303 1002 330 non
1031 290 1170 342 potius
1201 292 1250 331 ab
1282 291 1424 332 amicis
1455 294 1579 345 atque
1607 292 1718 332 idem
1748 291 1983 332 volentibus

259 356 480 407 utrumque
509 354 671 396 videtur
700 353 919 396 effectum?
961 354 1016 395 Et
1044 358 1090 395 ut
1120 357 1224 396 scias
1256 357 1452 409 quoniam
1483 360 1522 397 et
1553 358 1734 398 amicitia
1764 361 1804 398 et
1833 370 1982 411 genere

260 419 468 460 coniuncti
498 423 603 470 sunt,
636 422 706 474 qui
736 421 814 461 scit
844 423 883 460 et
904 422 1029 470 audit,
1060 424 1275 463 Face‘awnms
1295 426 1493 464 hominem
1521 427 1560 464 et
1579 423 1741 477 reliqua
1760 423 1983 476 respondit.

260 484 340 525 Hic
382 485 490 526 enim
534 485 604 538 qui
645 485 844 538 templum
887 486 1041 526 extruit
1074 488 1305 540 interrogat
1339 488 1459 528 illum
1490 489 1560 541 qui
1589 489 1786 529 informat
1816 488 1982 529 simula·
2010 500 2017 509 ·

260 564 384 601 crum,
414 565 709 604 mensurasque
747 551 870 591 etiam
899 552 1196 605 magnitudinis
1235 567 1282 593 ac
1310 553 1542 595 latitudinis
1577 554 1863 607 vastitatisque
1893 569 1983 607 per-

260 615 398 668 quirit7
426 619 472 655 ut
502 617 558 656 ita
580 617 942 657 fundamentorum
964 619 1097 670 spatia
1118 619 1339 670 describat3
1369 634 1503 672 neque
1525 620 1633 660 enim
1653 619 1696 660 in
1717 634 1868 660 vanum
1891 619 1982 673 quis

257 681 457 733 templum
500 682 667 731 extruit,
709 682 789 722 nisi
830 696 1042 724 mensuras
1079 684 1324 725 conlocandi
1366 685 1555 725 didicerit
1584 685 1805 726 simulacri.
1863 684 1984 725 Simi-

256 746 351 786 liter
379 746 507 799 igitur
535 748 790 800 perquiritur
818 750 965 788 modus
996 751 1179 803 corporis
1211 753 1336 803 atque
1365 765 1568 799 mensura,
1596 753 1641 790 ut
1660 751 1793 803 possit
1818 753 1912 803 apte
1941 751 1983 790 in

258 826 304 852 eo
336 812 473 852 anima
503 812 711 854 conlocari
741 815 792 854 ab
830 814 987 855 artifice
1024 816 1210 856 omnium
1242 818 1330 857 deo.
1388 816 1507 864 Quod
1549 816 1584 856 si
1625 816 1734 857 dicat
1775 817 1866 870 quis
1906 816 1983 857 ini·
2008 822 2031 856 4

255 877 409 917 micum
440 892 527 919 esse
558 893 660 929 eum,
693 879 764 932 qui
785 879 1050 931 plasmaverit
1072 895 1229 934 corpus,
1261 881 1427 932 domini⁷
1457 882 1529 935 qui
1562 884 1721 923 creator
1743 885 1804 922 est
1824 882 1983 922 animae

255 957 385 993 meae,
424 946 631 996 quomodo
662 960 760 995 non,
805 947 902 986 dum
933 946 1052 986 alteri
1080 947 1253 997 invidet,
1298 947 1466 988 alterius
1498 948 1612 1001 operi
1641 947 1850 1001 inrogavit
1878 947 1983 988 infa—

254 1008 393 1058 miam,
434 1011 479 1049 ut
508 1013 579 1050 aut
608 1009 677 1050 ille
709 1011 780 1063 qui
810 1011 1011 1064 templum
1043 1012 1194 1053 extruit
1234 1015 1457 1066 angustum
1489 1013 1629 1064 faciat,
1665 1013 1723 1054 ita
1761 1016 1808 1054 ut
1838 1028 1981 1067 capere

254 1089 337 1115 non
366 1075 497 1127 possit
529 1077 639 1128 qnod
676 1077 932 1125 conlocatur;
974 1080 1044 1118 aut
1084 1077 1155 1119 ille
1197 1079 1269 1131 qui
1309 1079 1573 1119 simulacrum
1615 1079 1729 1129 fecit,
1771 1081 1981 1132 quomodo

254 1155 337 1180 11011
368 1153 490 1193 grave
529 1141 688 1194 aliquid
728 1142 901 1194 protulit
943 1146 982 1184 et
1022 1145 1316 1196 ponderosum,
1360 1159 1442 1198 quo
1484 1145 1741 1197 intromisso,
1780 1144 1981 1198 templum

256 1206 449 1247 continuo
482 1207 742 1248 concideret?
792 1207 1029 1249 Secundum
1070 1211 1163 1259 hoc,
1208 1212 1318 1263 quod
1360 1211 1551 1252 novimus
1593 1225 1679 1251 esse
1720 1210 1982 1252 inimicorum
2009 1217 2025 1248 Γ

254 1270 406 1320 studia,
443 1271 769 1325 contemplemur
803 1274 919 1322 haec,
962 1274 997 1314 si
1037 1289 1121 1316 non
1160 1275 1218 1315 ita
1259 1290 1301 1316 se
1331 1276 1501 1328 habent3
1544 1277 1607 1317 sin
1642 1279 1779 1316 autem
1820 1278 1983 1328 oportet

254 1336 392 1376 omnia
421 1336 550 1377 isdem
581 1338 784 1379 mensuris
816 1341 957 1380 eadem
986 1341 1193 1393 aequitate
1225 1341 1389 1395 disponi
1431 1341 1638 1395 similique
1670 1341 1802 1394 gloria
1835 1340 1982 1400 efferri,

254 1402 354 1453 quid
384 1402 517 1443 adhuc
548 1405 596 1443 de
627 1404 705 1445 hoc
736 1403 998 1446 dubitamus?
1039 1406 1244 1447 Addimus
1275 1409 1428 1457 tamen,
1471 1408 1506 1448 si
1534 1407 1688 1460 placet,
1725 1407 1849 1448 etiam
1877 1406 1983 1447 illud
2006 1409 2029 1443 6

254 1467 505 1520 exemplum:
547 1468 694 1509 similis
735 1470 898 1510 videtur
939 1485 1026 1512 esse
1061 1472 1186 1513 homo
1223 1473 1334 1521 navi,
1378 1487 1482 1526 quae
1512 1474 1713 1514 instructa
1743 1474 1793 1513 ab
1825 1472 1981 1513 artifice

253 1535 375 1585 atque
420 1534 462 1574 in
510 1548 622 1574 mare
664 1536 840 1575 deducta
887 1539 948 1577 est
995 1551 1203 1591 quamque
1249 1539 1444 1592 navigare
1491 1539 1737 1591 inpossibile
1784 1541 1846 1580 est
1893 1538 1980 1578 sine

253 1599 559 1651 gubernaculis,
596 1601 744 1653 quibus
780 1601 871 1654 regi
901 1604 941 1642 et
969 1601 1080 1643 flecti
1115 1604 1247 1655 possit
1281 1605 1325 1644 in
1361 1618 1645 1658 quaecumque
1679 1604 1772 1646 loca
1801 1603 1981 1645 voluerit

253 1664 505 1716 gubernator
536 1666 632 1707 eius.
689 1665 744 1706 Et
785 1667 882 1719 quia
923 1669 1068 1708 eodem
1109 1669 1268 1710 artifice
1308 1670 1495 1723 indigeat
1536 1684 1684 1723 corpus
1722 1671 1978 1723 gubernacu-

250 1729 385 1769 lorum
427 1744 508 1783 quo
547 1734 586 1771 et
622 1732 749 1773 totius
785 1733 918 1784 navis,
959 1732 1064 1774 nulli
1106 1734 1278 1775 dubium
1311 1738 1388 1787 est3
1431 1736 1518 1776 sine
1549 1735 1839 1789 gubernaculis
1871 1736 1979 1775 enim

251 1794 430 1836 otiosum
474 1797 550 1837 erit
580 1812 700 1838 omne
729 1799 846 1838 navis
877 1813 997 1851 opus,
1040 1813 1188 1852 corpus
1218 1800 1323 1841 illud
1350 1801 1592 1842 inmensum.
1650 1800 1713 1841 Ita
1754 1814 1852 1855 ergo
1894 1801 1979 1840 ani-

250 1873 359 1899 mam
402 1863 585 1915 corporis
628 1863 908 1916 gubernacula
949 1864 1140 1913 dicimus,
1182 1869 1382 1919 reguntur
1422 1869 1560 1907 autem
1599 1870 1777 1920 utraque
1818 1866 1979 1906 arbitrii

251 1927 375 1977 atque
406 1928 564 1968 animae
594 1928 800 1980 libertate,
843 1944 924 1983 quo
961 1930 1074 1970 velut
1104 1932 1379 1984 gubernatore
1409 1932 1580 1981 utimur3
1622 1947 1727 1986 quae
1757 1946 1850 1973 cum
1882 1946 1979 1973 con-

250 1991 462 2032 iunctione
493 2007 621 2034 unum
653 1995 798 2036 effecta
828 1997 1138 2037 consonantiam
1169 1997 1301 2038 officii
1319 1998 1383 2038 sui
1405 1998 1619 2038 continent
1639 1999 1691 2038 ad
1721 2011 1842 2039 omne
1863 2011 1977 2050 opus,

252 2059 542 2111 quodcumque
574 2075 623 2100 ex
653 2064 782 2101 semet
816 2061 918 2114 ipsis
949 2061 1152 2113 efficiunt7
1194 2062 1264 2103 uni
1297 2064 1457 2104 auctori
1488 2066 1527 2104 et
1557 2064 1763 2104 conditori
1793 2063 1977 2103 testimo-

250 2122 364 2162 nium
395 2123 541 2164 ferunt.

361 2188 499 2230 XXIII
531 2190 648 2243 (XX).
702 2190 779 2232 His
810 2193 977 2242 auditis,
1007 2193 1152 2234 turbae
1182 2208 1288 2247 quae
1318 2196 1487 2235 aderant
1521 2195 1783 2239 vehementer
1814 2194 1977 2247 gavisae

252 2256 361 2304 sunt,
403 2255 461 2294 ita
491 2258 535 2295 ut
564 2271 692 2308 paene
722 2272 867 2299 manus
897 2259 1098 2300 inicerent
1126 2260 1169 2300 in
1199 2260 1368 2311 Manem
1412 2275 1516 2314 quos
1552 2262 1621 2301 vix
1649 2259 1879 2300 Archelaus
1910 2272 1976 2299 co-

250 2318 396 2359 hibens
428 2323 467 2360 et
497 2322 721 2373 reprimens
752 2325 1043 2377 conquiescere
1074 2325 1183 2367 fecit.
1233 2324 1407 2367 IUDICEs
1437 2339 1683 2366 DIXERUNT:
1714 2323 1977 2365 Sufficienter

250 2386 431 2425 ostendit
460 2385 687 2428 Archelaus
717 2388 896 2431 hominis
928 2393 968 2431 et
998 2405 1147 2444 corpus
1179 2394 1218 2432 et
1247 2393 1427 2432 animam
1457 2393 1579 2432 unius
1610 2405 1697 2432 esse
1718 2389 1896 2438 factoris,
1928 2403 1975 2430 eo

362 2471 385 2506 3
412 2471 497 2507 Gen.
525 2476 553 2515 1,
579 2475 621 2508 ‘26

367 2538 438 2571 GM

363 2604 386 2638 3
412 2604 489 2648 scit]
517 2606 604 2640 dicit
629 2608 673 2641 Μ
711 2610 715 2651 Ι
758 2610 782 2643 4
807 2611 941 2644 extruis
971 2611 1000 2645 G
1038 2613 1043 2655 Ι
1087 2612 1329 2656 symulacrum
1360 2613 1423 2646 wie
1454 2612 1585 2646 immer
1608 2612 1652 2645 Μ
1691 2612 1695 2654 Ι
1740 2611 1762 2646 5
1795 2609 1974 2654 magnitu-

250 2659 326 2692 dini
362 2659 391 2693 (J
430 2662 433 2702 Ι
478 2661 501 2695 6
539 2661 696 2697 disci-iba
737 2665 765 2698 C
807 2667 810 2708 Ι
855 2666 878 2700 8
915 2668 998 2711 apte
1022 2674 1064 2705 <
1096 2667 1141 2700 Μ
1179 2669 1183 2711 Ι
1231 2669 1281 2703 10
1318 2669 1430 2702 animi
1461 2668 1489 2702 G
1528 2669 1533 2711 Ι
1579 2668 1627 2702 11
1665 2677 1766 2701 meae
1802 2672 1844 2703 <
1880 2665 1925 2699 Μ
1970 2663 1974 2709 Ι

251 2714 365 2748 altero
397 2715 468 2749 ΟΜ
506 2718 509 2759 Ι
554 2717 705 2752 infamia
735 2720 764 2753 (7
803 2722 807 2764 Ι
854 2722 902 2757 15
929 2723 1144 2767 concideret]
1172 2724 1342 2758 conderet
1365 2724 1410 2757 Μ
1448 2725 1452 2767 Ι
1498 2725 1542 2759 17
1572 2723 1712 2758 hisdem
1729 2721 1773 2756 Μ
1803 2723 1808 2763 Ι
1845 2721 1973 2766 gloria]

249 2770 414 2803 mceimal
433 2772 658 2812 θ(χθεσῖινφῗεῖηη
683 2774 727 2808 Μ
765 2777 768 2819 Ι
816 2777 866 2811 22
893 2778 1124 2823 gubernator]
1150 2779 1391 2823 gubernatore
1421 2780 1450 2814 C
1470 2779 1733 2823 gubernatione
1757 2777 1802 2811 Μ
1818 2778 1822 2820 Ι
1850 2776 1976 2811 eodem

251 2824 321 2858 arti
350 2836 384 2860 a.
408 2826 495 2862 Has.
521 2828 565 2861 Μ
604 2831 607 2872 Ι
654 2831 703 2865 26
742 2832 1033 2867 coniunctionem
1063 2834 1092 2877 G
1131 2836 1135 2878 Ι
1180 2835 1231 2871 28
1268 2837 1408 2870 exemet
1439 2835 1469 2869 Ο
1507 2836 1511 2878 Ι
1555 2834 1760 2868 efficiuntur
1783 2832 1828 2866 Ill
1866 2833 1870 2875 Ι
1912 2830 1976 2864 uni

251 2880 396 2970 auctor}7
412 2888 453 2918 <
479 2882 523 2915 Π
561 2885 564 2927 Ι
610 2885 660 2919 30
685 2886 837 2920 aderunt
867 2888 896 2922 Ο
928 2890 931 2932 Ι
976 2889 1024 2924 31
1052 2901 1158 2924 mane
1188 2890 1259 2924 GM
1297 2892 1301 2934 Ι
1346 2890 1396 2926 33
1421 2890 1579 2934 factoris]
1605 2901 1625 2924 o
1650 2900 1717 2923 aus
1741 2900 1764 2922 u
1786 2899 1827 2922 w.
1851 2899 1878 2921 a.
1901 2886 1974 2921 solz.

249 2946 337 2971 ζ’ωνν.
402 2938 414 2960 2
