2164 3406
178 877 219 908 111

179 1206 219 1239 15

181 1656 223 1689 011

178 2313 222 2347 317)

245 169 295 208 98
985 163 1228 207 Hegemonius

244 277 487 317 abscideret.
545 273 661 316 Sicut
691 275 800 315 enim
832 275 923 328 quis
954 275 1144 316 draconis
1166 278 1290 328 caput
1310 288 1476 315 esecans
1494 274 1655 328 reliqua
1679 275 1862 328 corporis
1884 276 1970 316 eius
1997 282 2022 316 3

244 341 410 382 inutilia
449 345 573 395 atque
612 341 750 382 inania
791 341 1058 394 derelinquet,
1088 342 1148 382 ita
1187 343 1227 381 et
1264 354 1352 388 n0S,
1383 341 1418 381 si
1457 341 1700 394 dispositam
1739 355 1823 382 non
1861 344 1972 382 recte

246 410 477 449 creaturam
517 410 557 447 et
596 407 934 448 commixtionem
978 408 1153 447 duorum
1197 407 1494 459 ingenitorum,
1535 406 1638 447 lucis
1681 421 1728 448 ac
1768 407 1971 456 tenebrae,

245 475 352 514 sicut
394 473 598 514 Basilides
645 473 888 526 praesumit⁷
942 473 1256 521 ostenderimus,
1307 472 1394 512 sine
1441 471 1568 512 dubio
1617 472 1756 513 omnia
1802 471 1973 526 reliqua,

246 555 350 594 quae
391 540 478 592 ipse
520 539 674 585 scribit,
715 539 855 578 inania
897 541 936 578 et
978 552 1082 591 quae
1123 552 1198 578 nos
1239 537 1494 590 scripsimus,
1536 552 1632 578 vera
1673 552 1760 578 esse
1790 538 1972 591 signabi-

244 620 347 646 mus,
403 605 496 646 Hoc
537 608 674 645 autem
718 606 916 657 deprecor
957 618 1041 654 eos,
1092 603 1162 656 qui
1203 603 1267 643 his
1309 601 1506 655 exemplis
1552 603 1615 643 uti
1656 602 1880 654 voluerint,
1926 605 1974 643 ut

245 672 437 712 subtilius
474 672 712 711 intueantur
746 683 1084 722 unumquemque
1121 682 1369 718 sermonem,
1401 668 1597 721 quoniam
1630 669 1798 721 quidem
1828 671 1972 722 argute

245 740 284 777 et
327 738 504 777 breviter
532 735 738 776 Basilides
779 734 942 776 locutus
973 737 1034 775 est
1064 749 1127 785 ea,
1165 749 1268 787 quae
1299 735 1409 787 apud
1435 733 1708 786 Scythianum
1738 736 1975 787 reppererat

244 803 431 851 definita3
476 816 579 855 quae
616 802 684 842 hic
721 800 921 841 translata
951 800 1144 841 subtilius
1175 800 1429 853 argumentis
1461 815 1626 853 quoque
1657 799 1975 840 violentioribus

244 869 526 917 communivit,
555 867 618 907 uti
656 867 873 908 verborum
902 867 1086 907 novitate
1114 866 1283 919 propria
1315 881 1389 906 sua
1419 880 1506 906 esse
1537 868 1793 918 putarentur.
1849 863 1975 914 Haec⁷

243 939 289 977 ut
326 935 553 988 potuimus,
585 949 608 973 a
642 932 762 973 nobis
804 933 914 973 dicta
955 935 1060 974 sunt.
1117 932 1320 973 Poterunt
1362 935 1500 972 autem
1541 932 1593 983 hi,
1626 932 1697 985 (1111
1738 945 1812 971 nos
1854 945 1975 971 sensu

243 1000 475 1042 sublimiori
516 998 789 1052 praecellunt,
830 998 951 1051 plura
991 999 1140 1039 horum
1182 1013 1229 1039 ac
1276 997 1449 1038 meliora
1488 998 1671 1050 proferre
1714 999 1837 1050 atque
1879 1011 1975 1037 con-

243 1068 422 1108 scribere
454 1067 670 1106 adversum
702 1080 769 1105 eos
799 1063 944 1114 libros,
986 1065 1057 1117 qui
1087 1065 1137 1105 ab
1168 1063 1242 1104 illo
1283 1064 1383 1104 editi
1412 1067 1517 1104 sunt.
1578 1063 1716 1103 Finita
1757 1074 1854 1115 ergo
1895 1062 1976 1101 dis-

243 1133 461 1187 putatione
490 1132 580 1181 ista,
622 1130 852 1172 Archelaus
893 1131 1034 1171 turbas
1077 1144 1170 1170 cum
1216 1143 1317 1182 pace
1359 1130 1517 1169 dimisit
1558 1130 1608 1169 ad
1649 1128 1826 1181 propria.
1896 1127 1976 1176 Qui

244 1198 535 1240 benedicentes
569 1211 662 1237 eum
694 1210 805 1244 voce,
837 1210 917 1249 qua
948 1196 1120 1249 dignum
1154 1198 1224 1245 est,
1255 1209 1348 1235 cum
1372 1195 1484 1235 omni
1510 1194 1670 1235 laetitia
1691 1194 1976 1234 discesserunt.

355 1263 447 1317 Ego
469 1262 726 1315 Egemonius
748 1262 894 1314 scripsi
921 1261 1244 1314 disputationem
1273 1261 1396 1300 istam
1418 1263 1631 1313 exceptam
1663 1261 1714 1299 ad
1744 1259 1977 1299 describen-

247 1333 345 1371 dum
377 1329 623 1370 volentibus.

357 1516 531 1557 Veteres
562 1514 733 1555 heretici
762 1515 1064 1566 propemodum
1101 1528 1242 1553 omnes
1280 1513 1541 1553 divinitatem
1573 1510 1779 1563 duplicem
1810 1509 1977 1550 simula-

248 1587 354 1634 runt,
382 1585 429 1623 ut
459 1581 587 1622 alium
616 1582 772 1626 bonum
803 1581 936 1629 deum,
967 1579 1093 1620 alium
1123 1580 1278 1620 iustum
1309 1593 1395 1619 esse
1426 1577 1711 1631 confingerent
1732 1579 1771 1617 et
1792 1576 1975 1617 dicerent

248 1650 347 1690 boni
378 1649 443 1689 dei
479 1646 755 1688 subvenitoris
797 1648 920 1698 atque
961 1644 1145 1686 melioris
1187 1644 1320 1684 filium
1357 1644 1569 1685 dominum
1599 1642 1735 1683 lesum
1765 1640 1975 1682 Christum

248 1716 408 1756 venisse
438 1715 480 1754 in
511 1714 621 1753 hunc
650 1713 864 1760 mundum,
894 1714 941 1751 ut
971 1713 1020 1751 de
1041 1711 1139 1751 iusti
1171 1711 1246 1761 dei,
1278 1724 1400 1763 quem
1427 1711 1588 1749 tantum
1620 1722 1807 1748 severum
1827 1710 1975 1760 putant

250 1781 476 1830 dominum,
507 1779 664 1819 animas
696 1779 746 1818 ad
776 1777 972 1830 pristinas
1002 1778 1217 1817 reduceret
1246 1778 1373 1824 sedes,
1405 1789 1509 1828 quae
1531 1774 1726 1814 creatoris
1753 1776 1973 1825 praecepto

248 1846 488 1899 corporibus
528 1844 704 1885 fuissent
743 1842 908 1896 ligatae.
965 1841 1028 1882 Ex
1061 1841 1209 1895 quibus
1251 1844 1312 1882 est
1342 1840 1504 1882 Cerdon
1545 1842 1668 1892 atque
1703 1838 1890 1879 Marcion
1932 1842 1972 1879 et

247 1913 372 1954 ceteri
403 1912 475 1965 (1111
505 1924 647 1951 eorum
677 1910 906 1962 sequuntur
932 1922 1123 1949 errorem.
1180 1907 1426 1948 Valentinus
1450 1919 1547 1946 vero
1578 1907 1618 1945 et
1646 1904 1734 1957 ipse
1765 1903 1972 1957 duplicem

180 1986 219 1999 '⁷'
248 1994 333 2019 esse
365 1976 574 2018 simulavit
604 1975 879 2026 divinitatem3
921 1974 955 2013 is
986 1973 1109 2014 simul
1151 1976 1190 2013 et
1225 1987 1400 2014 aeonum
1431 1985 1650 2012 numerum
1679 1984 1831 2011 novum
1860 1969 1972 2010 visus

249 2048 309 2086 est
338 2043 568 2089 introferre,
600 2043 712 2095 quod
741 2040 914 2093 triginta
949 2054 1099 2080 aeonas
1129 2039 1240 2080 visus
1278 2042 1338 2079 est
1368 2038 1513 2079 dicere.
1571 2035 1776 2076 Basilides
1808 2050 1972 2089 quoque

247 2113 297 2151 de
327 2111 404 2150 hac
433 2108 632 2162 inpietate
663 2106 886 2156 descendit,
918 2105 988 2159 qui
1017 2107 1080 2146 tot
1110 2106 1207 2145 deos
1238 2103 1405 2144 simulat
1435 2117 1533 2153 esse,
1564 2105 1666 2156 quot
1696 2101 1782 2142 dies
1802 2101 1845 2141 in
1866 2115 1972 2141 anno

248 2179 356 2225 sunt,
389 2178 428 2215 et
465 2176 514 2215 de
549 2174 613 2214 his
645 2172 762 2226 quasi
791 2170 1062 2212 minutalibus
1099 2185 1225 2211 unam
1263 2184 1466 2210 summam
1501 2167 1730 2208 divinitatis
1769 2167 1898 2208 efficit
1934 2170 1974 2206 et

248 2241 430 2295 appellat
458 2239 668 2289 Mithram,
699 2238 904 2291 siquidem
933 2238 1050 2278 iuxta
1080 2235 1417 2289 conputationem
1449 2233 1699 2274 Graecarum
1739 2232 1973 2273 litterarum

248 2308 423 2348 Mithras
454 2306 551 2346 anni
582 2319 798 2345 numerum
828 2304 962 2344 habet.
1012 2301 1069 2343 Hi
1097 2317 1180 2343 non
1221 2301 1398 2342 multum
1429 2315 1452 2340 a
1483 2298 1717 2352 gentilitate
1749 2299 1903 2339 distant
1933 2300 1973 2338 et

248 2374 402 2413 eisdem
442 2385 570 2424 paene
614 2370 821 2423 mysteriis
862 2369 1106 2417 inbuuntur,
1139 2368 1288 2421 quibus
1317 2382 1340 2406 a
1370 2365 1594 2419 gentilibus
1623 2364 1821 2404 initiatur.
1880 2362 1972 2403 Hoc

249 2438 443 2479 defuncto
474 2437 577 2477 aliae
607 2451 770 2476 rursum
800 2435 955 2476 multae
986 2435 1170 2474 diversae
1199 2434 1362 2473 hereses
1393 2430 1655 2480 ebullierunt,
1688 2444 1793 2482 quae
1824 2429 1972 2469 divini-

247 2506 377 2545 tatem
408 2502 561 2543 Christi
602 2505 799 2555 negantes
841 2501 1129 2541 tantummodo
1172 2498 1420 2540 confitentur
1461 2496 1763 2537 humanitatem
1807 2495 1892 2535 eius
1923 2508 1972 2534 ex

360 2611 404 2645 M

362 2702 384 2735 3
411 2700 688 2735 commotionem
702 2698 750 2738 M,
778 2709 842 2731 1·οη
870 2697 1003 2732 Traube
1029 2697 1213 2731 cerbessert
1245 2696 1250 2738 Ι
1284 2696 1305 2730 5
1331 2694 1555 2738 sign-animus
1574 2693 1622 2733 M,
1652 2702 1715 2725 von
1738 2690 1871 2725 Traube
1894 2701 1969 2724 ver-

248 2758 374 2790 &essert
417 2758 421 2800 Ι
467 2757 516 2791 22
543 2755 740 2798 (1011111111111]
767 2754 920 2787 Mercatz'
943 2753 1019 2787 wad
1045 2753 1181 2786 Turner
1204 2751 1365 2785 wzb'elzten
1390 2750 1548 2784 dominio
1575 2750 1684 2790 lesen,
1710 2746 1879 2781 vz‘ellez'elzt
1903 2745 1973 2778 mit

247 2813 355 2846 Restm
399 2815 403 2855 Ι
449 2813 499 2847 23
524 2823 651 2845 maron
676 2810 719 2843 ill
757 2811 762 2853 Ι
807 2811 856 2845 25
889 2809 1115 2843 simularunt.
1164 2808 1220 2841 lta
1251 2806 1482 2840 diuinitatem
1507 2806 1562 2840 ihs
1595 2803 1741 2839 simulet
1767 2813 1896 2837 conum
1921 2800 1971 2843 M,

247 2880 310 2901 τοι)
343 2867 474 2901 Traube
498 2867 683 2901 verbessert
727 2867 730 2909 Ι
776 2866 822 2900 27
852 2864 1050 2908 descendit]
1075 2865 1139 2898 das
1164 2866 1252 2897 erstc
1277 2874 1296 2896 e
1320 2862 1493 2896 viellez‘elzt
1517 2873 1549 2896 α.
1574 2861 1661 2895 Eas.
1688 2858 1732 2891 M
1769 2859 1773 2900 Ι
1819 2858 1870 2892 29
1896 2868 1970 2900 my-

248 2925 341 2956 tram
366 2923 410 2956 M
448 2924 452 2966 Ι
497 2924 548 2957 30
573 2924 710 2966 mytras
735 2921 779 2954 M
817 2922 821 2964 Ι
865 2920 1003 2955 habent
1026 2921 1079 2954 hii
1103 2920 1152 2960 M,
1176 2930 1242 2952 von
1272 2918 1404 2952 Traube
1428 2918 1616 2951 2·erbessert

1997 1849 2020 1882 [θ
