2164 3406
126 853 167 886 10

124 2176 168 2211 30

771 140 864 173 Acta
893 138 1062 173 Archelai
1086 138 1382 174 XXV—XXVII.
1887 144 1937 183 35·

192 251 291 292 tatis
322 252 375 292 sit
404 251 522 292 ratio.
584 250 737 292 Verum
770 265 880 292 nunc
908 266 992 292 non
1023 254 1085 291 est
1114 251 1216 292 mihi
1248 253 1297 292 de
1327 251 1390 292 his
1422 251 1653 301 dicendum,
1685 266 1937 305 quamquam
1965 260 1987 291 (ί

192 317 471 359 necessarium
500 316 706 367 videatur,
749 332 845 357 nam
874 317 979 358 illud
1011 321 1073 359 est
1104 320 1218 371 quod
1248 318 1445 371 petimus:
1483 318 1574 371 quis
1607 320 1669 358 est
1701 318 1771 371 (1111
1802 320 1937 358 extru-

191 383 299 425 xerit
328 397 492 424 murum
515 384 567 423 ad
598 382 900 436 designandum
921 383 1249 438 uniuscuiusque
1271 384 1497 425 terminum
1518 384 1662 437 regni?
1700 383 1798 425 Non
1820 384 1936 425 diffo-

192 452 272 499 rat3
314 449 411 490 nolo
443 451 628 489 moretur
657 450 727 490 hic
763 450 964 503 perfidus,
1008 452 1079 492 sed
1121 451 1206 491 iam
1243 450 1491 492 confiteatur
1526 450 1737 491 dualitatis
1769 465 1866 491 suae
1896 452 1939 491 in

191 530 321 556 unum
350 515 532 556 refusam
563 528 651 556 esse
681 514 970 558 substantiam.
1029 517 1108 558 Dic
1150 530 1226 571 age
1258 530 1511 570 quemquam
1543 516 1614 570 qui
1644 518 1829 558 medium
1872 532 1938 557 ex-
1968 526 1983 560 7

191 581 367 623 truxerit
395 596 572 622 murum.
640 580 751 631 Quid
781 583 932 635 agebat
961 582 1082 634 alter,
1121 583 1250 624 altero
1282 583 1540 624 instruente?
1589 583 1837 624 Dormiebat
1868 588 1939 623 aut

190 647 413 702 ignorabat
443 650 514 688 aut
542 648 733 689 resistere
763 663 846 690 non
877 648 1009 689 valuit
1039 652 1111 690 aut
1140 651 1275 703 pretio
1309 650 1540 691 concessit?
1581 649 1663 690 Dic
1684 651 1785 704 quid
1816 649 1939 691 facis·-

190 714 263 755 bat
292 713 358 755 vel
389 714 482 767 quis
515 716 576 754 est
603 713 771 755 omnino
804 716 875 768 qui
898 715 1089 757 extruxit.
1148 715 1236 757 Vos
1259 717 1467 769 deprecor,
1498 716 1668 767 iudices,
1701 730 1805 769 quos
1839 718 1939 757 deus

191 780 433 834 plenissime
462 779 643 833 repletos
673 780 887 822 intellectu
919 781 1050 832 misit,
1085 783 1205 823 vobis
1242 782 1353 823 dicat
1390 782 1482 835 quis
1521 798 1567 823 ex
1607 784 1768 823 duobus
1800 785 1938 823 extru-

190 847 299 887 xerit
330 849 370 886 et
400 846 501 899 quid
531 847 682 900 agebat
711 861 818 887 unus
851 862 943 888 cum
975 847 1079 888 alter
1110 848 1347 889 extruxerit.

302 911 463 953 XXVII
495 911 677 964 (XXIV).
708 911 882 954 Iunrcns
903 926 1147 956 DIXERUNT:
1180 914 1261 955 Dic
1290 914 1422 965 nobis,
1455 930 1477 955 O
1500 914 1655 965 Manes,
1687 914 1779 968 (11113
1802 915 1938 967 desig-

192 978 353 1019 naverit
382 979 485 1019 fines
515 978 732 1032 utriusque
764 979 892 1033 regni,
924 980 1017 1033 quis
1048 995 1214 1020 murum
1245 980 1392 1021 fecerit
1421 982 1631 1022 medium?
1670 981 1750 1022 Pro
1785 993 1937 1034 magno

193 1044 302 1085 011110
332 1044 562 1085 Archelaus
592 1044 965 1099 interrogationem
995 1047 1142 1087 haberi
1162 1047 1286 1087 huius
1312 1047 1515 1088 sermonis
1538 1047 1735 1101 exposcit.
1783 1046 1939 1087 MANEs
1965 1053 1986 1086 2

192 1124 336 1153 mxlT:
372 1111 518 1152 Bonus
561 1112 661 1152 deus
698 1114 739 1152 et
768 1111 874 1152 nihil
904 1112 1061 1153 habens
1094 1126 1314 1154 commune
1345 1128 1440 1154 cum
1471 1112 1593 1164 malo,
1630 1113 1938 1154 firmamentum

192 1177 334 1230 posuit
368 1177 411 1217 in
442 1177 596 1228 medio,
640 1193 722 1232 quo
765 1178 948 1219 alienum
987 1194 1011 1219 a
1051 1193 1094 1219 30
1137 1181 1177 1219 et
1218 1182 1455 1232 separatum
1497 1179 1652 1221 faceret
1692 1179 1936 1234 malignum.

193 1243 463 1284 ARCHELAUS
492 1256 635 1285 DixIT:
667 1244 900 1298 Usquequo
932 1245 1136 1298 dignitate
1168 1246 1348 1287 nominis
1379 1247 1595 1288 mentiris?
1625 1246 1760 1288 Deum
1785 1246 1937 1287 etenim
1966 1252 1987 1285 3

193 1309 456 1351 solummodo
497 1311 665 1351 nomine
706 1311 891 1364 appellas
933 1314 974 1352 et
1010 1312 1207 1352 deitatem
1236 1311 1368 1364 ipsius
1399 1312 1592 1354 humanis
1622 1312 1937 1354 infirmitatibus

194 1389 406 1429 conparas.
464 1375 705 1430 Aliquando
737 1391 785 1417 ex
816 1391 899 1418 non
931 1379 1177 1428 extantibus,
1209 1377 1436 1431 aliquando
1468 1393 1516 1419 ex
1549 1379 1737 1420 subiecta
1763 1379 1937 1419 materia

195 1456 300 1495 quae
332 1442 502 1495 quidem
531 1445 626 1482 ante
657 1457 698 1483 se
722 1443 857 1493 fuerit,
888 1444 1046 1484 adseris
1069 1445 1310 1494 extruxisse,
1340 1447 1387 1485 ut
1408 1445 1595 1486 homines
1618 1445 1754 1486 solent
1776 1448 1936 1486 extruc-

193 1510 315 1549 tores.
373 1507 587 1548 Interdum
625 1510 750 1549 etiam
781 1524 875 1550 eum
912 1509 1122 1559 timidum,
1152 1510 1361 1551 interdum
1394 1514 1433 1552 et
1465 1512 1783 1553 conversibilem
1815 1512 1935 1559 dicis3

194 1573 260 1614 dei
303 1575 365 1614 est
401 1574 511 1614 enim
542 1587 664 1627 agere
696 1590 803 1631 quae
834 1576 899 1616 dei
936 1578 1048 1623 sunt,
1090 1576 1271 1618 hominis
1317 1592 1410 1618 vero
1455 1592 1560 1631 quae
1602 1579 1785 1619 humana
1826 1580 1933 1618 sunt.

194 1639 238 1680 Si
269 1652 367 1693 ergo
399 1641 516 1690 deus,
546 1642 593 1680 ut
623 1640 693 1687 ais,
725 1656 891 1682 murum
922 1643 1165 1689 construxit,
1208 1643 1404 1683 timidum
1447 1658 1489 1684 se
1519 1645 1588 1684 hic
1619 1648 1659 1685 et
1683 1644 1789 1685 nihil
1818 1643 1935 1685 forti·
1961 1649 1985 1684 4

192 1706 348 1747 tudinis
385 1721 428 1747 se
470 1705 622 1747 habere
664 1708 867 1761 designat.
928 1707 1091 1749 Scimus
1130 1710 1239 1750 enim
1276 1723 1439 1762 semper
1468 1724 1537 1751 eos
1570 1711 1641 1763 qui
1672 1711 1937 1763 suspicantur

193 1772 244 1813 ab
282 1772 489 1814 extraneis
531 1773 610 1813 sibi
652 1773 771 1815 dolos
813 1775 974 1815 intendi
1016 1777 1141 1828 atque
1182 1776 1366 1817 hostium
1409 1779 1602 1817 verentur
1642 1777 1814 1817 insidias
1856 1777 1936 1829 ipsi

193 1838 329 1880 solent
368 1840 491 1879 urbes
533 1853 627 1880 suas
669 1841 800 1881 muris
843 1841 1116 1893 circumdare3
1160 1841 1203 1881 in
1249 1856 1331 1895 quo
1375 1845 1415 1882 et
1456 1842 1740 1896 ignorantiam
1782 1843 1937 1883 habent

191 1906 347 1958 pariter
388 1907 511 1959 atque
553 1905 895 1948 inbeccillitatem
938 1907 1002 1947 sui
1043 1909 1278 1949 ostendunt.
1343 1908 1425 1949 Sed
1467 1923 1518 1949 ne
1558 1908 1662 1950 illud
1708 1910 1877 1963 quidem
1914 1924 1937 1949 a
1964 1914 1986 1948 ξ)

191 1970 313 2013 nobis
343 1972 603 2012 reticendum
633 1974 705 2019 est,
736 1973 838 2026 quin
867 1973 1008 2025 potius
1038 1974 1082 2013 in
1111 1975 1295 2015 medium
1317 1974 1622 2027 proferendum,
1651 1978 1698 2015 ut
1725 1990 1773 2016 ex
1804 1975 1936 2015 multa

192 2038 475 2078 adsertionum
507 2038 627 2091 copia
656 2039 1015 2079 machinationum
1046 2040 1273 2080 adversarii
1303 2040 1521 2082 diversitas
1543 2042 1789 2093 destruatur,
1821 2042 1936 2082 auxi-

192 2102 297 2143 lium
326 2103 449 2144 nobis
479 2103 636 2144 ferente
667 2105 851 2146 veritate.
911 2104 1197 2146 Concedamus
1228 2108 1479 2146 structuram
1510 2106 1665 2147 factam
1697 2121 1785 2148 esse
1815 2108 1936 2156 muri,
1963 2115 1985 2147 εἰ

193 2183 298 2223 quae
327 2171 378 2209 ad
409 2169 702 2211 discretionem
733 2174 842 2212 esset
881 2172 1209 2225 uniuscuiusque
1253 2173 1389 2225 regni:
1432 2173 1679 2226 inpossibile
1721 2174 1831 2214 enim
1875 2177 1937 2215 est

191 2236 280 2276 sine
309 2234 391 2276 hoc
420 2250 502 2276 uno
523 2236 676 2276 habere
696 2251 1035 2291 unumquemque
1056 2238 1273 2291 proprium
1294 2250 1486 2291 regnum;
1519 2241 1665 2280 eodem
1685 2254 1781 2281 vero
1809 2241 1934 2281 modo

190 2300 437 2354 inpossibile
479 2304 539 2342 est
583 2304 623 2342 et
658 2302 890 2356 malignum
922 2317 1135 2358 egressum
1167 2305 1350 2358 propriis
1380 2304 1534 2346 finibus
1571 2306 1673 2347 boni
1702 2307 1842 2359 partes
1872 2306 1934 2346 in-

189 2368 357 2417 vadere,
398 2368 507 2408 muri
547 2367 841 2411 interdictione
884 2372 1116 2421 constante,
1158 2372 1239 2412 nisi
1273 2371 1381 2412 forte
1417 2372 1532 2424 prius
1565 2372 1783 2423 deiciatur,
1826 2372 1936 2413 sicut

191 2432 423 2474 audivimus
455 2434 504 2474 ab
535 2434 725 2475 hostibus
753 2434 844 2476 fieri
874 2438 999 2489 atque
1031 2436 1154 2477 etiam
1177 2436 1309 2478 oculis
1330 2437 1483 2479 nostris
1505 2452 1637 2490 nuper
1658 2439 1934 2491 adspeximus.

309 2509 380 2543 (ul

304 2578 326 2611 2
367 2577 465 2621 nam]
502 2578 724 2621 sequendum
762 2579 806 2612 M
853 2581 856 2623 ῐ
913 2581 967 2614 est
1006 2580 1099 2614 illud
1135 2580 1177 2614 Μ
1211 2594 1256 2611 oe
1293 2580 1356 2614 171Ιὲ
1413 2582 1417 2624 l
1475 2582 1496 2616 3
1535 2582 1690 2626 differat]
1730 2582 1871 2616 dixerat
1909 2582 1937 2615 C

189 2631 364 2666 vielleielzt
399 2633 468 2666 mit
492 2633 602 2667 Beelzt
645 2635 649 2678 Ι
694 2634 716 2669 5
755 2637 986 2680 quemquam]
1026 2636 1106 2680 quis
1144 2638 1197 2671 est
1228 2636 1273 2669 M
1314 2638 1318 2680 Ι
1370 2639 1392 2672 6
1424 2638 1516 2672 alter
1541 2664 1547 2671 2
1574 2665 1580 2672 .
1607 2638 1877 2674 dormiebat<
1910 2638 1938 2671 (ζ’

189 2688 274 2721 iiber
303 2688 360 2722 dfe
390 2689 484 2723 Zeila
515 2689 738 2733 [sescla-iehan
771 2692 819 2726 6¹2
862 2693 865 2735 l
911 2694 1099 2727 extruente
1125 2692 1170 2725 M
1209 2693 1213 2735 Ι
1257 2692 1281 2727 9
1312 2693 1533 2738 plenissime]
1563 2705 1620 2728 me
1659 2693 1853 2737 {Iheqfflselu
1885 2693 1931 2725 (Ἰ

190 2743 201 2787 1·
235 2743 345 2788 dicat]
370 2744 529 2780 iudicate
560 2757 592 2780 α.
618 2746 706 2781 Rccs.
731 2758 798 2781 vonv
828 2750 916 2781 eta-<0
946 2748 1039 2791 fimf
1056 2748 1203 2782 Bzoelcst.
1225 2749 1453 2792 yeselzrieben
1483 2750 1530 2784 02
1574 2752 1576 2793 1
1624 2751 1670 2785 11
1706 2749 1796 2793 quis]
1824 2761 1838 2783 3
1863 2760 1932 2782 aas

195 2799 295 2835 Corr.
320 2800 496 2835 viellez'elzt
521 2813 588 2836 aus
605 2802 629 2837 b
638 2814 646 2844 ;
678 2802 707 2837 C
735 2803 740 2846 Ι
775 2803 823 2838 15
850 2805 886 2838 et
911 2804 1131 2849 separatum]
1158 2816 1234 2839 esse
1258 2807 1403 2849 partum
1423 2806 1452 2840 G
1480 2808 1483 2850 Ι
1520 2806 1567 2841 16
1595 2805 1930 2850 dignitate..men-

189 2855 281 2899 tiris]
308 2857 385 2890 tate
409 2856 566 2891 nominis
595 2869 630 2891 m
655 2869 687 2891 a.
713 2859 800 2894 Has.
826 2858 871 2892 M
898 2859 902 2902 Ι
938 2859 987 2894 18
1012 2859 1204 2895 exubiecta
1227 2861 1256 2894 G
1284 2862 1287 2904 Ι
1322 2863 1371 2897 21
1400 2861 1496 2896 enim
1523 2864 1577 2897 est
1600 2862 1644 2895 M
1664 2875 1709 2893 cxv
1735 2861 1798 2895 312
1830 2862 1833 2905 Ι
1867 2861 1928 2896 ho-

189 2910 303 2946 mines
334 2912 363 2945 C*
402 2912 407 2955 Ι
453 2913 503 2947 22
538 2912 597 2946 hie
621 2921 664 2951 <
689 2914 734 2948 M
773 2916 777 2958 l
823 2915 872 2950 25
905 2915 998 2949 muri
1029 2916 1058 2949 C
1098 2917 1102 2959 Ι
1136 2916 1185 2950 27
1214 2918 1350 2952 multas
1381 2918 1410 2951 C
1449 2918 1453 2960 Ι
1499 2918 1547 2952 31
1575 2917 1658 2962 uno]
1685 2929 1786 2952 muro
1812 2917 1931 2952 Routlz
