2164 3406
95 549 115 582 5

74 881 117 916 10

78 1212 119 1245 15

80 1543 123 1579 ‘20

80 1868 123 1902 25

85 2197 128 2232 30

756 166 848 198 Acta
871 165 1038 199 Archelai
1066 165 1203 198 xli—X
1214 165 1250 197 Ι,Ι
1261 165 1282 198 Ι.
1828 170 1875 206 (51

138 283 366 320 destruetur.
420 276 521 317 Vide
555 289 652 330 crgo
685 280 881 330 quantam
912 278 952 317 in
985 292 1072 318 sese
1104 277 1255 317 habeat
1276 276 1470 316 virtutem
1504 276 1615 328 quod
1646 276 1876 328 perfectum

141 348 202 386 est
239 347 279 386 et
316 344 431 385 cuius
463 342 514 383 sit
547 343 703 384 ordinis
734 344 825 396 ipsa
861 344 1074 397 perfectio.
1133 342 1257 383 Dicat
1288 345 1425 383 autem
1457 342 1532 382 iste
1565 357 1687 395 quani
1720 344 1878 381 destru-

139 411 246 452 xerit
282 409 546 463 prophetiam
588 409 834 451 ‚ludaeorum
874 425 925 450 an
955 409 1261 458 Hebraeorum,
1293 423 1365 449 seu
1395 409 1561 462 linguas
1592 423 1748 448 cessare
1780 408 1878 448 fecit

142 476 394 517 Graecorum
426 478 497 516 aut
528 490 670 516 eorum
701 476 773 529 qui
794 476 906 517 idola
938 475 1090 526 colunt,
1121 475 1186 516 vel
1217 490 1321 528 quae
1343 475 1423 515 alia
1446 477 1643 528 dogmata
1677 473 1879 515 destruxit

141 541 426 582 Valentiniani
462 545 534 582 aut
564 541 790 583 Marcionis
828 545 900 583 aut
938 541 1102 582 'sat-iani
1139 544 1210 582 aut
1241 541 1413 582 Sabellii
1449 544 1765 593 ceterorumque
1809 541 1880 592 qui

139 608 351 662 propriam
382 608 550 650 sibimet
579 609 680 661 ipsis
711 608 927 650 scientiam
959 611 1278 661 conposuerunt.
1337 607 1468 656 Quem
1499 608 1646 648 horum
1677 607 1881 646 destruxit

141 675 252 716 dicat
294 677 365 714 aut
401 676 567 727 quando
605 676 790 716 destruet
827 675 944 728 quasi
986 675 1220 727 perfectus?
1269 673 1459 715 lnducias
1500 672 1687 713 fortassis
1719 672 1879 725 aliquas

142 739 314 793 quaerit.
373 738 471 781 Non
505 740 644 793 plane,
688 756 770 782 non
812 742 871 781 ita
914 742 1087 782 obscure
1130 743 1170 781 et
1204 739 1448 794 ignobiliter
1483 739 1675 779 adveniet
1710 738 1779 778 ille
1811 739 1882 791 qui

141 806 350 859 perfectus
380 809 459 857 cst,
496 807 537 847 id
576 810 637 848 est
667 807 781 848 Iesus
813 806 1000 848 Christus
1032 807 1224 848 dominus
1254 809 1405 848 noster.
1465 805 1545 845 Sed
1575 805 1682 845 sicut
1712 820 1780 845 rex
1813 807 1882 845 ad-

142 872 308 912 veniens
340 874 391 912 ad
421 874 567 913 urbem
605 888 719 914 suam
750 873 979 926 praemittit
1008 873 1142 927 primo
1173 875 1428 926 protectores
1460 886 1572 921 suos,
1614 872 1748 924 signa,
1793 873 1882 911 dra-

143 952 277 989 cones,
306 938 483 989 labaros,
513 941 648 990 duces,
668 940 889 992 principes,
919 940 1163 992 praefectos,
1195 942 1235 979 et
1264 939 1457 979 universa
1478 938 1675 979 continuo
1699 951 1882 977 commo-

142 1007 303 1055 ventur,
336 1004 427 1046 aliis
458 1020 554 1046 vero
586 1006 886 1055 metuentibus,
925 1005 1016 1046 aliis
1054 1020 1150 1046 vero
1184 1005 1460 1058 gaudentibus
1490 1018 1565 1056 pro
1598 1003 1883 1057 expectatione

143 1070 268 1123 regis,
310 1070 368 1111 ita
411 1074 450 1111 et
487 1072 678 1113 dominus
721 1085 837 1112 meus
874 1071 1006 1119 Iesus,
1049 1071 1120 1125 qui
1157 1073 1219 1112 est
1260 1086 1353 1111 vere
1394 1070 1618 1123 perfectus,
1661 1070 1884 1110 adveniens

143 1136 373 1190 praemittit
402 1137 443 1177 in
474 1137 610 1191 primo
642 1138 818 1191 gloriam
851 1153 980 1189 suam,
1012 1137 1330 1178 incontaminati
1358 1140 1481 1190 atque
1503 1136 1743 1177 inmaculati
1767 1136 1884 1190 regni

143 1203 449 1257 praedicatores
480 1207 679 1254 sacratos,
709 1207 748 1244 et
784 1207 882 1244 tunc
911 1204 1104 1245 universa
1134 1207 1322 1244 creatura
1356 1204 1688 1244 commovebitur
1718 1206 1758 1243 et
1790 1217 1885 1243 con-

144 1269 391 1320 turbabitur,
423 1269 661 1323 supplicans
693 1273 817 1324 atque
851 1271 1082 1321 obsecrans,
1114 1284 1331 1323 usquequo
1355 1284 1443 1310 eam
1464 1284 1487 1309 a
1508 1269 1706 1310 servitute
1726 1268 1885 1309 liberet.

146 1334 389 1376 Humanum
420 1350 516 1378 vero
549 1349 678 1390 genus
709 1339 867 1376 metuat
897 1351 1063 1377 necesse
1100 1339 1161 1377 est
1193 1339 1232 1376 et
1263 1335 1569 1389 conplurimum
1601 1336 1883 1377 conturbetur.
1940 1349 1948 1358 ·

146 1416 221 1455 pro
254 1415 301 1442 eo
334 1404 444 1456 quod
471 1402 604 1442 multa
634 1401 785 1442 delicta
817 1403 1086 1451 commiserit,
1129 1401 1207 1444 soli
1243 1416 1339 1443 vero
1370 1400 1470 1441 iusti
1498 1400 1780 1449 laetabuntur,
1819 1415 1884 1440 ex-

147 1470 361 1521 pectantes
394 1483 499 1521 quae
531 1468 607 1509 sibi
640 1469 844 1521 promissa
875 1471 986 1519 sunt,
1027 1483 1103 1509 nec
1144 1468 1254 1509 ultra
1289 1469 1591 1508 mundanarum
1624 1481 1760 1507 rerum
1791 1468 1886 1507 sub-

149 1534 302 1576 stantia
332 1534 606 1587 permanebit3
638 1534 777 1575 omnia
808 1536 1071 1576 destruentur
1100 1535 1185 1575 sive
1218 1534 1459 1587 prophetiae
1491 1534 1576 1574 sive
1611 1533 1757 1573 horum
1790 1531 1886 1572 libri

148 1601 233 1641 sive
262 1600 428 1654 linguae
458 1601 587 1641 totius
616 1600 793 1654 generis:
825 1602 1056 1651 cessabunt,
1090 1616 1137 1642 eo
1170 1602 1282 1654 quod
1312 1599 1421 1640 ultra
1442 1615 1525 1641 non
1547 1602 1695 1652 egeant
1717 1597 1886 1639 solliciti

149 1682 236 1708 esse
266 1668 455 1708 homines
499 1670 539 1707 et
575 1666 759 1720 cogitare
797 1669 845 1708 de
874 1667 936 1707 1113
963 1681 1068 1720 quae
1111 1668 1161 1707 ad
1203 1667 1332 1706 vitam
1374 1665 1606 1707 necessaria
1648 1668 1759 1715 sunt,
1802 1664 1886 1705 sive

147 1733 319 1774 scientia
361 1747 718 1787 quorumcumque
761 1735 999 1783 doctorum,
1043 1734 1165 1774 etiam
1208 1733 1299 1785 ipsa
1340 1734 1591 1772 destruetur:
1633 1731 1737 1771 1111111
1779 1731 1887 1771 enim

148 1801 295 1841 110111111
327 1798 497 1840 sufferre
528 1800 682 1853 poterit
713 1800 855 1853 magni
885 1799 998 1841 illius
1028 1800 1140 1852 regis
1178 1801 1412 1839 adventum.
1472 1797 1589 1837 Sicut
1620 1798 1729 1838 enim
1760 1812 1888 1850 parva

149 1865 331 1907 scintilla
367 1868 418 1906 ad
449 1865 710 1919 splendorem
748 1865 846 1906 solis
879 1867 1046 1907 admota
1077 1864 1326 1915 absumitur,
1366 1864 1464 1905 ilico
1496 1878 1572 1904 nec
1603 1865 1790 1916 adparet:
1831 1863 1890 1903 ita

150 1933 343 1973 universa
375 1935 578 1982 creatura,
618 1931 752 1973 omnis
782 1932 1018 1985 prophetia,
1050 1934 1199 1972 cuncta
1230 1930 1419 1980 scientia,
1463 1930 1678 1970 universae
1709 1929 1889 1982 linguae,

151 1999 258 2040 sicut
288 1999 476 2052 superius
502 1999 691 2045 diximus,
722 2000 996 2039 destruentur.
1047 1998 1128 2038 Sed
1150 1998 1247 2051 quia
1270 1996 1458 2037 caelestis
1480 1995 1591 2049 regis
1613 1995 1889 2048 praesentiam

150 2065 292 2118 paucis
323 2065 460 2105 verbis
487 2067 526 2105 et
556 2064 775 2118 fragilibus
807 2067 847 2105 et
875 2064 994 2104 valde
1024 2064 1179 2104 infimis
1211 2077 1415 2116 exponere
1445 2078 1528 2103 11011
1570 2061 1680 2101 valet
1712 2061 1891 2101 humana

152 2133 316 2180 natura,
358 2133 404 2170 ut
440 2131 616 2172 fortasse
654 2134 891 2172 sanctorum
934 2130 1082 2170 debeat
1124 2144 1212 2170 esse
1249 2132 1289 2170 et
1319 2128 1437 2169 valde
1468 2127 1688 2181 dignorum
1721 2129 1770 2166 de
1800 2127 1890 2179 ipso

153 2196 311 2250 aliquid
354 2211 557 2246 enarrare,
596 2200 733 2238 tamen
774 2196 1034 2237 necessitatis
1079 2209 1202 2236 causa
1243 2196 1323 2235 ista
1364 2207 1429 2235 1116
1472 2193 1629 2234 sufficit
1669 2192 1892 2245 protulisse

152 2263 276 2304 huius
305 2264 607 2316 inportunitate
639 2262 897 2316 conpulsum,
928 2263 990 2304 uti
1019 2263 1146 2303 istum
1176 2261 1295 2303 vobis
1327 2260 1461 2314 qualis
1484 2262 1591 2301 esset
1622 2258 1892 2300 ostenderem.

264 2329 377 2371 XLII
408 2329 670 2383 (XXXVIII).
728 2329 784 2370 Et
826 2342 901 2383 ego
945 2329 1114 2382 quidem
1157 2326 1346 2368 beatifico
1376 2325 1627 2367 Marcionem
1672 2328 1711 2364 et
1741 2323 1893 2364 Valen-

155 2397 361 2437 tinianum
392 2410 439 2437 ac
470 2395 696 2436 Basilidem
728 2395 915 2448 aliosque
945 2394 1162 2443 hereticos,
1193 2394 1300 2434 sicut
1329 2393 1449 2434 istius
1480 2391 1791 2444 conparatione,
1824 2389 1895 2442 qui

271 2495 318 2530 15
345 2495 445 2529 Rem.
471 2496 502 2535 S,
528 2495 582 2529 21.
608 2496 651 2529 22

274 2584 347 2619 OM

272 2662 291 2696 1
315 2663 403 2706 sese]
419 2663 485 2697 (las
510 2663 607 2697 lelzte
633 2675 669 2698 se
693 2663 890 2707 2'c7I2m·9escle.
906 2663 950 2696 Μ
957 2665 970 2686 2
1001 2666 1005 2705 Ι
1039 2662 1166 2706 2111331]
1187 2672 1254 2695 ans
1271 2662 1339 2695 ista
1358 2671 1447 2694 corr.
1467 2659 1515 2694 02
1548 2661 1550 2701 ¹,
1586 2660 1608 2693 3
1635 2658 1707 2700 3611]
1725 2655 1896 2699 Zacagsni,

159 2718 219 2753 sed
250 2718 322 2753 GM
361 2720 366 2762 l
415 2721 431 2754 7
459 2719 630 2754 fortasses
660 2720 690 2754 G
731 2721 734 2762 Ι
781 2720 803 2755 8
830 2731 903 2753 11011
927 2719 991 2763 ita]
1019 2718 1107 2752 nota
1137 2718 1166 2751 Ο
1195 2718 1198 2759 Ι
1237 2718 1285 2752 15
1313 2716 1484 2759 sacratos]
1513 2716 1655 2749 sanctos
1682 2713 1725 2746 Μ
1764 2714 1768 2756 l
1812 2715 1897 2746 tunc

159 2782 202 2813 <
228 2775 272 2809 M
311 2777 314 2819 1
359 2775 539 2819 universa]
577 2787 645 2809 aus
676 2776 842 2811 uniuerse
878 2775 967 2809 olma
990 2775 1076 2808 Has.
1099 2773 1217 2817 [slee'cla
1243 2784 1333 2806 corr.
1364 2772 1411 2806 G¹
1456 2772 1460 2814 l
1506 2771 1557 2805 24
1592 2771 1720 2804 horum
1748 2776 1789 2806 <
1815 2768 1859 2801 M
1895 2806 1897 2810 ,

160 2831 271 2875 1111113]
299 2843 331 2866 α.
357 2832 443 2865 Bas.
469 2831 513 2865 M
552 2833 556 2875 1
602 2833 652 2867 25
679 2832 874 2866 assumitur
903 2832 931 2865 G
962 2832 966 2874 Ι
1011 2831 1061 2865 29
1088 2830 1139 2872 ut]
1169 2831 1230 2863 aut
1256 2828 1300 2861 Μ
1338 2829 1342 2870 1
1389 2828 1436 2862 31
1476 2827 1580 2870 esset]
1619 2835 1694 2859 6336
1724 2824 1751 2858 C
1793 2825 1796 2866 Ι
1847 2823 1896 2857 32

161 2887 476 2931 Valentinianum]
515 2888 569 2934 (lie
601 2887 841 2931 yeu-alzozlz'elee
866 2886 974 2921 Form
1013 2887 1125 2920 dieses
1151 2884 1313 2918 Numen-s
1343 2883 1453 2926 findet
1478 2882 1554 2915 siclt
1585 2882 1631 2913 im
1659 2880 1813 2921 Anllcmss
1838 2878 1899 2912 cler

161 2946 250 2979 Acta
276 2945 315 2978 in
344 2944 387 2978 Μ
425 2945 430 2988 Ι
475 2945 525 2979 33
552 2945 822 2989 conparatione]
850 2943 1037 2988 paratione
1067 2942 1095 2975 0

1906 616 1929 646 ⁴.)

1912 815 1961 849 10

1913 1074 1958 1108 11

1916 1805 1965 1840 13

1919 2006 1968 2040 14
