2164 3406
208 901 251 933 10

211 1560 254 1594 20

215 1888 257 1922 25

200 2202 260 2248 '30

273 197 321 234 (52
1017 185 1260 230 Hegemonius

273 303 386 343 velut
426 301 640 342 intellectu
683 300 822 353 aliquo
864 299 928 339 usi
970 300 1083 348 sunt,
1127 298 1198 350 qui
1234 296 1470 337 viderentur
1506 295 1585 337 sibi
1627 309 1789 336 omnem
1831 293 2002 347 scriptu-

273 383 358 409 ram
400 381 521 421 posse
561 366 820 419 intellegere,
871 367 910 405 et
951 365 1008 404 ita
1048 377 1091 404 se
1134 364 1326 403 ductores
1373 360 1728 415 statuerunt'qui
1770 373 1812 400 se
1862 359 2003 401 audire

274 434 519 482 voluissent3
560 432 700 473 nullus
740 435 879 471 tamen
919 431 1105 483 ipsorum
1147 443 1269 469 ausus
1313 430 1374 468 est
1411 430 1531 468 deum
1575 443 1617 469 se
1657 428 1896 480 praedicare
1938 426 2004 467 vel
2029 428 2051 462 ’Ξ

275 499 484 541 Christum
526 499 591 540 vel
631 497 884 551 paracletum
926 496 1033 536 sicut
1067 495 1161 544 iste,
1195 494 1267 547 qui
1297 493 1519 547 aliquando
1552 493 1718 547 quidem
1749 495 1798 534 de
1829 492 2003 534 saeculis

275 567 474 619 disputat,
505 564 727 617 aliquando
759 565 807 603 de
838 561 939 611 sole,
982 561 1190 614 quomodo
1222 560 1330 600 facta
1359 559 1450 605 sint,
1492 562 1703 612 tamquam
1744 559 1876 601 maior
1916 559 2004 612 ipse

275 632 328 672 sit
371 645 529 678 eorum3
578 629 711 670 omnis
761 627 868 668 enim
918 626 989 680 qui
1025 628 1075 666 de
1117 625 1256 680 aliquo
1300 626 1469 679 exponit
1519 626 1728 678 quomodo
1770 624 1904 665 sactus
1952 625 2006 665 sit

275 698 472 738 maiorem
504 710 546 736 se
583 698 623 735 et
652 693 929 747 antiquiorem
971 692 1152 733 ostendit
1182 706 1270 732 esse
1313 705 1435 744 quan]
1474 693 1536 731 est
1571 690 1641 730 ille
1682 691 1732 730 de
1773 704 1854 744 quo
1892 689 2004 730 dicit.

275 762 374 810 Quis
406 765 543 802 autem
574 764 614 801 et
644 762 693 801 de
724 759 954 800 substantia
985 758 1050 798 dei
1081 757 1215 798 dicere
1246 759 1406 804 audeat,
1438 756 1518 796 nisi
1546 756 1655 797 forte
1676 755 1787 796 solus
1814 756 2005 796 dominus
2032 756 2054 790 3

275 831 416 869 noster
445 827 559 869 Iesus
591 825 804 867 Christus?
855 839 959 877 quae
1001 823 1168 877 quidem
1211 835 1290 875 ego
1327 836 1411 863 non
1443 837 1490 862 ex
1523 822 1624 862 meis
1654 821 1790 863 verbis
1827 823 2006 871 adstrue=

277 896 346 935 sed
369 893 597 947 scripturae
619 906 724 945 quae
744 906 819 931 nos
842 889 1007 932 edocuit
1039 889 1285 930 auctoritate
1307 888 1524 937 confirm03
1558 887 1754 942 quoniam
1777 887 1944 940 quidem
1967 889 2008 927 et

277 959 490 1013 apostolus
514 958 615 999 dicit
635 959 685 998 ad
705 971 797 998 nos:
835 959 883 997 Ut
900 959 988 996 sitis
1008 959 1109 996 sieut
1130 958 1348 996 luminaria
1372 959 1417 995 in
1446 958 1515 995 hoc
1543 957 1702 1002 mundo,
1731 956 1891 993 verbum
1909 955 2009 993 vitae

277 1029 514 1066 continentes
534 1028 584 1064 acl
600 1026 765 1076 ylorz'aon
788 1025 889 1062 mihi
908 1025 951 1062 tn
972 1024 1073 1061 diem
1099 1023 1258 1071 Cleo-isti,
1289 1024 1477 1073 qnoniam
1498 1036 1579 1061 non
1599 1023 1643 1060 ‘in
1662 1034 1831 1060 vacuum
1851 1021 2009 1059 cucurri

280 1107 344 1131 nec
363 1095 406 1131 ‘tn
430 1106 598 1131 vacuum
621 1092 800 1129 laborari.
836 1087 1079 1141 intellegere
1110 1087 1307 1127 debemus
1330 1101 1434 1140 quae
1456 1086 1509 1126 sit
1530 1086 1589 1126 vis
1621 1088 1661 1125 et
1682 1084 1786 1126 ratio
1808 1085 2008 1126 sermonis
2035 1083 2058 1117 4

279 1158 418 1205 huiusg
434 1157 602 1196 verbum
620 1155 728 1195 enim
743 1153 858 1194 ducis
873 1153 1034 1194 obtinet
1046 1152 1193 1202 locum,
1209 1167 1334 1205 opera
1348 1167 1444 1193 vero
1457 1153 1577 1205 regis.
1609 1151 1725 1192 Sicut
1739 1164 1837 1204 ergo
1859 1150 2009 1204 aliquis

235 1230 248 1235 ⁷
279 1223 367 1276 regi
404 1236 478 1263 suo
510 1219 748 1261 adventanti
785 1233 927 1260 omnes
969 1219 1040 1272 qui
1076 1220 1151 1259 sub
1189 1233 1286 1259 cura
1316 1233 1389 1258 sua
1419 1220 1515 1257 sunt
1556 1219 1694 1258 studet
1734 1217 2010 1267 oboedientes,

281 1291 447 1341 paratos
489 1290 529 1327 et
570 1299 686 1327 caros
716 1285 949 1338 hilaresque
981 1286 1197 1325 ostendere
1228 1298 1275 1324 30
1305 1286 1476 1325 devotos
1507 1285 1578 1324 sed
1610 1282 1731 1323 etiam
1769 1282 2010 1323 innocentes

279 1369 326 1395 ac
355 1353 475 1395 bonis
507 1352 698 1394 omuibus
729 1351 1003 1399 abundantes,
1044 1352 1090 1390 ut
1131 1350 1218 1402 ipse
1260 1349 1425 1389 laudem
1462 1350 1738 1402 consequatur
1773 1363 1796 1388 a
1831 1361 1927 1401 rege
1972 1351 2012 1388 et

279 1420 434 1461 maiore
465 1419 515 1459 ab
548 1433 594 1459 eo
626 1418 781 1458 honore
813 1415 961 1469 dignus
998 1416 1213 1466 habeatur,
1249 1418 1462 1468 tamquam
1499 1415 1603 1456 bene
1640 1414 1871 1467 gubernata
1907 1427 2012 1467 quae

280 1486 359 1526 sibi
390 1488 451 1525 est
480 1484 699 1525 commissa
728 1482 957 1536 provincia,
987 1481 1046 1522 ita
1077 1484 1116 1521 et
1145 1480 1291 1522 beatus
1320 1480 1476 1521 Paulus
1507 1478 1607 1519 dicit
1637 1481 1688 1519 ad
1718 1494 1810 1521 nos:
1848 1483 1894 1520 Ut
1924 1483 2013 1520 sitis
2037 1478 2059 1513 5

278 1556 380 1592 velut
411 1553 626 1592 tumtum-ia
656 1552 701 1589 in
730 1552 799 1589 hoc
826 1551 988 1597 mundo,
1017 1550 1177 1587 verbum
1207 1550 1307 1587 ritae
1335 1549 1571 1587 continentes
1607 1549 1657 1585 acl
1683 1548 1853 1596 aleriam
1882 1548 2013 1597 ipsius

280 1622 325 1658 tn
365 1621 467 1658 diem
514 1618 674 1657 Christi.
733 1613 899 1654 Scilicet
941 1627 1023 1666 quo
1067 1612 1260 1653 dominus
1300 1615 1441 1654 noster
1472 1611 1583 1651 lesus
1615 1609 1803 1651 Christus
1844 1611 2012 1652 veniens

283 1683 420 1723 videat
449 1681 673 1735 profecisse
705 1680 935 1721 doctrinam
966 1679 1052 1719 eius
1082 1679 1125 1718 in
1155 1678 1292 1729 nobis3
1335 1681 1375 1718 et
1416 1677 1513 1731 quia
1549 1690 1633 1716 non
1669 1676 1711 1716 in
1741 1691 1916 1718 vacuum
1949 1691 2013 1718 cu-

283 1749 411 1790 currit
441 1763 517 1789 nec
546 1747 589 1788 in
618 1761 793 1787 vacuum
814 1745 1028 1794 laboravit,
1059 1745 1262 1785 retribuat
1284 1744 1320 1785 ei
1342 1744 1522 1784 debitam
1545 1757 1750 1784 coronam.
1798 1742 1854 1783 Et
1873 1757 2012 1783 rursus
2039 1744 2062 1777 (ἰ

285 1829 449 1868 quoque
479 1814 522 1854 in
551 1815 692 1853 eadem
724 1810 901 1866 epistula
931 1813 1167 1852 commonet
1187 1824 1273 1859 nos,
1305 1824 1355 1850 ne
1385 1812 1547 1849 terrena
1577 1809 1795 1862 sapiamus,
1826 1809 1894 1848 sed
1918 1822 2013 1849 con—

284 1880 557 1921 versationem
587 1881 770 1919 nostram
802 1877 948 1917 debere
979 1890 1067 1917 esse
1096 1876 1139 1916 in
1169 1875 1310 1926 caelis;
1339 1879 1441 1915 unde
1470 1881 1504 1915 et
1522 1878 1751 1915 salvatorem
1771 1881 2013 1925 eoepectamus

283 1949 489 1986 dominnm
519 1952 701 1985 nostrum
731 1946 863 1984 Ieswn
896 1945 1109 1985 Christum.
1166 1941 1222 1982 Et
1253 1940 1451 1994 quoniam
1491 1941 1611 1981 nobis
1653 1955 1737 1981 non
1779 1935 1841 1980 est
1875 1942 2013 1980 tutum
2042 1943 2059 1977 7

286 2012 388 2052 scire
418 2011 611 2052 ultimum
643 2010 766 2060 diem,
809 2008 1039 2061 designavit
1074 2008 1116 2047 in
1160 2006 1338 2060 epistula
1379 2020 1502 2059 quam
1539 2006 1681 2047 scribit
1717 2008 1768 2046 ad
1796 2005 2013 2046 Thessalo-

284 2078 486 2118 nicenses:
522 2080 579 2118 De
610 2078 847 2127 temporibus
875 2081 1004 2114 autem
1033 2080 1067 2113 et
1095 2076 1322 2124 momentis,
1353 2076 1511 2124 fratres,
1552 2087 1634 2112 non
1669 2074 1813 2112 habetis
1843 2086 1944 2123 opus
1972 2077 2016 2112 ut

284 2146 436 2196 aliquid
463 2146 570 2183 vobis
599 2144 784 2190 scribam&
813 2143 893 2192 ipsi
921 2143 1027 2180 enim
1057 2142 1255 2190 dz'liyentcr
1281 2142 1390 2179 scitis
1419 2141 1513 2190 qnia
1533 2141 1613 2178 dies
1634 2140 1797 2188 domini,
1826 2140 1930 2178 sicut
1945 2139 2016 2188 fur

285 2213 329 2250 tn
357 2216 475 2258 nocte,
505 2211 561 2248 ila.
588 2210 722 2248 vemet.
772 2205 827 2246 Et
857 2207 1066 2260 quomodo
1096 2219 1206 2245 nunc
1227 2206 1365 2245 adstat
1395 2204 1482 2253 iste,
1512 2205 1762 2256 persuadens
1794 2205 1834 2243 et
1862 2215 2014 2256 rogans
2041 2202 2064 2237 8

285 2288 623 2327 unumquemque
653 2272 943 2312 Manichaeum
981 2270 1090 2311 effici
1135 2273 1174 2311 et
1209 2270 1480 2311 circumvenit
1521 2271 1561 2310 et
1596 2269 1831 2322 ingreditur
1861 2270 2016 2317 domos,

287 2340 476 2393 decipere
508 2352 708 2392 quaerens
738 2338 896 2378 animas
927 2339 1115 2378 oneratas
1145 2336 1353 2389 peccatis?
1391 2334 1472 2376 Sed
1501 2350 1576 2376 nos
1607 2350 1690 2376 non
1719 2335 1778 2375 ita
1799 2335 2014 2382 sentimus:

289 2405 387 2458 quin
419 2405 558 2458 potius
587 2417 651 2444 res
682 2403 791 2456 ipsas
827 2403 1085 2456 proferamus
1120 2402 1163 2441 in
1199 2401 1382 2442 medium
1423 2403 1463 2441 et
1493 2400 1770 2450 conferamus,
1805 2399 1840 2439 si
1869 2399 2015 2452 placet,

404 2535 451 2570 11
478 2534 572 2568 rhu.
598 2536 695 2577 215
723 2535 764 2569 16
789 2553 831 2558 —
858 2534 907 2569 19
933 2533 1027 2567 Phil.
1053 2534 1150 2573 215.
1177 2533 1218 2567 16
1243 2551 1285 2556 -
1313 2532 1362 2567 25
1390 2531 1482 2565 Phil.
1508 2532 1538 2574 3,
1566 2532 1617 2565 19.
1643 2530 1687 2565 20
1711 2550 1753 2554 —
1779 2530 1829 2565 28
1855 2530 1870 2563 I
1895 2529 2017 2563 Thess.

288 2593 318 2633 5,
346 2593 374 2626 1.
401 2591 421 2624 2
446 2610 488 2614 —
516 2590 840 2633 3211T1m.3‚c

405 2689 477 2723 OM

404 2789 424 2824 1
463 2788 599 2832 aliquo]
629 2788 799 2831 Zacaqm',
837 2787 986 2831 aliquod
1025 2786 1098 2822 OM
1136 2787 1140 2830 l
1185 2787 1208 2820 9
1246 2785 1378 2829 verbis]
1414 2783 1510 2818 ueris
1549 2783 1579 2818 O
1619 2784 1624 2826 Ι
1670 2783 1717 2818 15
1755 2782 1901 2817 student
1940 2782 1970 2818 O
2011 2780 2017 2826 Ι

291 2845 338 2879 2ῗ
377 2845 545 2879 ultimam
586 2844 615 2879 O
666 2845 671 2888 Ι
719 2843 1026 2878 thesalonicenses
1061 2842 1106 2876 M
1149 2843 1154 2884 1
1199 2842 1249 2877 28
1285 2840 1379 2875 nach
1415 2851 1487 2873 non
1524 2843 1565 2879 -Ι-
1601 2838 1774 2882 indigetis
1802 2838 1862 2882 M,
1899 2840 2019 2881 spo'tter

287 2901 407 2943 ‚clettht
451 2901 455 2944 Ι
500 2900 550 2935 29
588 2900 676 2944 dies]
714 2900 734 2933 d
766 2910 833 2933 aus
853 2899 949 2934 Corr.
979 2898 1027 2933 Ol
1071 2900 1075 2942 1
1121 2899 1172 2932 30
1208 2898 1262 2932 ita
1296 2897 1333 2931 in
1368 2896 1475 2930 nocte
1499 2894 1544 2928 M
1574 2905 1662 2928 corr.
1688 2894 1733 2928 M
1738 2896 1751 2917 2
1793 2894 1798 2936 Ι
1841 2892 1975 2936 adstat]
2001 2893 2018 2927 t

290 2968 331 2993 w.
355 2969 382 2991 e.
408 2956 479 2991 sele.
505 2967 572 2991 aus
596 2967 638 2990 ns
662 2967 750 2989 corr.
780 2955 830 2990 02
854 2957 951 2989 astat
974 2954 1018 2989 M
1056 2954 1061 2998 Ι
1106 2954 1157 2988 33
1182 2953 1405 2998 proferamus
1430 2957 1472 2988 <
1497 2950 1542 2984 M
