2164 3406
282 176 330 214 30
1025 167 1265 212 Hegemonius

281 281 520 334 gustaverit.
579 280 810 334 Tamquam
852 281 886 321 si
923 279 1023 320 velit
1057 279 1217 332 aliquid
1248 278 1339 331 quis
1372 293 1514 330 emere,
1543 278 1623 319 nisi
1652 279 1765 331 prius
1797 279 2000 331 gustando
2026 283 2049 316 2

282 348 412 388 discat
440 350 578 388 utrum
609 347 723 387 arida
759 347 812 387 sit
842 346 998 398 species
1030 348 1101 385 aut
1129 345 1304 398 liquida,
1345 344 1563 397 pecuniam
1606 359 1688 385 non
1729 343 1903 396 profert;
1943 343 2000 382 ita

280 428 413 467 neque
444 426 520 466 ego
551 412 626 453 tibi
668 411 874 453 adsentiar
915 425 1001 451 esse
1032 411 1220 451 arborem
1249 409 1401 450 malam
1432 412 1472 450 et
1500 409 1739 462 pessimam,
1778 409 1857 449 nisi
1886 409 1999 461 prius

281 479 458 533 qualitas
500 478 708 518 fructuum
751 478 838 517 eius
872 476 997 517 fuerit
1026 476 1304 525 manifestata,
1347 475 1545 527 scriptum
1584 477 1644 514 est
1684 474 1791 515 enim
1834 474 1930 527 quia
1959 477 2001 513 (Ie

236 555 255 587 5
279 548 473 596 fiuctibus
502 547 615 583 arbo)-
641 547 888 594 coynoscitm.
940 541 1018 582 Dic
1048 555 1146 594 ergo
1176 540 1307 591 nobis,
1338 555 1361 581 o
1392 540 1546 590 Manes,
1576 539 1697 580 arbor
1727 554 1831 592 quae
1853 538 2002 579 dicitur
2028 546 2051 580 3

280 611 388 650 mala
419 624 539 663 quem
563 608 720 649 adferat
740 608 934 656 fructum,
965 610 1037 647 aut
1058 607 1173 647 cuius
1195 608 1366 646 naturae
1387 605 1450 655 sit,
1481 619 1605 658 quam
1627 604 1822 645 virtutem
1843 605 2003 655 habeat,

279 680 325 716 ut
354 675 429 716 tibi
459 677 671 715 credamus
703 673 826 714 etiam
858 672 1039 713 radicem
1061 671 1218 712 arboris
1239 671 1369 723 ipsius
1392 685 1479 711 esse
1500 670 1636 711 talem.
1685 670 1836 711 MANES
1855 683 2000 710 DIXIT:

282 742 414 782 Radix
457 741 622 793 quidem
664 738 789 789 mala,
832 739 953 779 arbor
982 740 1120 778 autem
1150 736 1344 790 pessima,
1386 736 1686 776 incrementum
1716 750 1812 777 vero
1842 749 1924 775 non
1955 750 2003 775 ex

282 809 369 857 deo,
399 807 557 846 fructus
590 807 727 845 autem
748 803 1055 854 fornicationes,
1086 803 1298 854 adulteria,
1328 801 1561 853 homicidia,
1591 800 1763 841 avaritia
1793 804 1832 841 et
1862 814 2003 841 omnes

215 881 257 913 Ἡ)
282 872 380 912 mali
411 874 524 912 actus
564 870 696 910 malae
726 869 840 910 illius
870 869 1031 911 radicis.
1087 870 1356 909 ARCHELAUS
1397 880 1536 908 DixIT:
1584 866 1645 907 Ut
1684 866 1761 906 tibi
1791 868 2004 906 credamus
2029 866 2053 901 4

283 938 379 991 quia
408 937 478 978 isti
507 940 603 977 sunt
633 936 791 977 fructus
821 934 955 976 malae
985 934 1097 975 illius
1133 934 1299 984 radicis,
1331 936 1498 987 gustum
1527 931 1646 973 nobis
1678 946 1819 972 eorum
1849 931 2004 984 profer3

284 1003 556 1044 substantiam
578 1001 686 1042 enim
707 1001 935 1054 ingenitam
956 1015 1043 1040 esse
1063 999 1342 1052 pronuntiasti
1368 998 1489 1039 huius
1511 998 1681 1047 arboris,
1712 997 1827 1038 cuius
1847 997 2005 1037 fructus

284 1070 508 1109 secundum
538 1068 601 1108 sui
632 1067 946 1109 similitudinem
976 1066 1252 1118 proferuntur.
1308 1064 1462 1104 MANES
1492 1077 1633 1103 DIXIT:
1671 1062 1787 1103 Haec
1828 1063 1916 1115 ipsa
1943 1063 2004 1102 in-

283 1134 441 1174 iustitia
472 1148 576 1186 quae
606 1133 648 1173 in
677 1132 913 1173 hominibus
944 1134 1006 1172 est
1034 1131 1317 1172 testimonium
1347 1129 1494 1180 reddit,
1524 1132 1564 1169 et
1592 1127 1772 1178 avaritia,
1803 1130 1852 1169 de
1883 1131 2006 1181 gustu

221 1210 258 1242 15
282 1199 414 1240 malae
445 1198 557 1239 illius
587 1199 746 1239 radicis.
805 1198 1073 1238 ARCHELAUS
1102 1209 1242 1237 DIXIT:
1283 1195 1414 1249 Ergo,
1449 1198 1496 1235 ut
1526 1194 1682 1245 dixisti,
1723 1195 1880 1234 fructus
1910 1196 2006 1234 sunt
2031 1193 2054 1228 5

285 1265 443 1305 arboris
463 1264 585 1305 huius
606 1263 846 1317 iniquitates
867 1263 969 1303 istae
992 1277 1095 1315 quae
1117 1264 1316 1315 geruntur
1337 1262 1386 1301 ab
1408 1260 1656 1302 hominibus.
1686 1259 1841 1299 MANES
1861 1272 2004 1299 D1x1'r:

280 1329 345 1370 Ita
373 1330 506 1383 plane.
566 1330 831 1370 ARCHELAUS
860 1341 1004 1369 DIXIT:
1044 1327 1087 1369 Si
1127 1327 1286 1368 fructus
1316 1326 1385 1367 isti
1415 1329 1526 1376 sunt,
1562 1326 1606 1366 id
1637 1328 1698 1366 est
1732 1328 1847 1365 actus
1875 1325 2006 1365 homi-

281 1411 380 1436 num
418 1396 533 1445 mali,
576 1395 656 1448 ipsi
698 1407 796 1447 ergo
826 1394 1013 1435 homines
1044 1393 1194 1434 radicis
1223 1392 1362 1433 locum
1392 1395 1516 1445 atque
1547 1390 1703 1431 arboris
1745 1391 2006 1439 obtinebunt;

280 1462 392 1514 ipsos
429 1461 537 1502 enim
573 1460 851 1514 pronuntiasti
884 1460 1064 1500 fructum
1102 1459 1207 1499 ferre
1238 1457 1533 1498 huiuscemodi.
1590 1455 1745 1496 MANES
1773 1469 1915 1497 DIXIT:
1944 1455 2007 1496 Ita

214 1535 257 1568 20
282 1528 386 1568 dico.
435 1528 705 1567 ARCHELAUS
725 1539 866 1566 Dixrr:
897 1524 1006 1566 Male
1028 1525 1142 1573 dicis,
1169 1517 1243 1564 ‘ita
1272 1517 1395 1571 dico';
1425 1538 1508 1564 non
1539 1521 1648 1562 enim
1672 1521 1730 1561 ita
1762 1521 1872 1571 dicis,
1905 1521 2005 1563 alio·
2031 1521 2054 1555 6

283 1592 381 1645 quin
412 1607 504 1633 cum
535 1592 721 1633 homines
752 1606 921 1644 peccare
952 1591 1211 1639 cessaverint,
1242 1590 1365 1629 arbor
1384 1588 1566 1628 malitiae
1595 1587 1852 1629 infructuosa
1881 1589 2004 1640 adpa-

281 1658 396 1698 rebit.
455 1657 610 1698 MANES
639 1670 782 1697 Dixi'r:
815 1656 1062 1710 inpossibile
1093 1658 1155 1696 est
1184 1657 1296 1709 quod
1317 1654 1436 1702 dicis3
1464 1654 1499 1694 si
1529 1654 1638 1694 enim
1659 1668 1764 1694 unus
1787 1652 2006 1694 cessaverit

281 1726 353 1763 aut
383 1723 486 1763 alius
508 1726 579 1763 aut
599 1723 748 1776 plures,
780 1722 851 1762 alii
869 1726 1006 1762 tamen
1027 1722 1105 1762 hoc
1125 1723 1260 1775 agent.
1308 1720 1569 1760 ARCHELAUS
1598 1731 1743 1759 DIXIT:
1774 1718 1812 1759 Si
1836 1719 2003 1759 omnino
2032 1721 2049 1755 ἲ

281 1788 477 1841 possibile
508 1791 569 1829 est
599 1804 727 1829 unum
757 1791 797 1828 et
827 1788 954 1828 alium
985 1789 1025 1828 et
1052 1786 1206 1840 plures,
1239 1785 1346 1827 sicut
1376 1785 1450 1834 ais,
1481 1799 1564 1826 non
1594 1798 1778 1837 peccare,
1808 1783 2004 1836 possibile

213 1864 256 1897 25
283 1857 344 1895 e'st
374 1854 497 1894 etiam
527 1855 605 1895 hoc
635 1868 775 1895 omnes
806 1866 943 1907 agere3
973 1852 1094 1893 unius
1125 1852 1233 1893 enim
1264 1851 1488 1892 conditoris
1518 1853 1614 1890 sunt
1643 1849 1826 1890 etunius
1847 1863 2005 1889 massae

282 1935 424 1961 omnes
454 1919 661 1965 homines,
705 1923 744 1960 et
774 1934 823 1959 ne
854 1922 894 1960 te
925 1918 1054 1959 otiose
1083 1932 1157 1970 per
1184 1917 1360 1970 ineptias
1391 1930 1555 1969 sequar,
1587 1930 1633 1955 ea
1662 1929 1766 1968 quae
1794 1914 2004 1956 incondite

281 1985 492 2038 protulisti
529 1986 649 2026 certis
686 1983 1079 2038 praescriptionibus
1117 1982 1344 2024 excludam.
1400 1982 1477 2022 Ais
1507 1981 1665 2022 fructus
1693 1979 1825 2021 malae
1855 1980 2004 2021 radicis
2029 1985 2052 2020 8

281 2055 405 2104 atque
434 2051 566 2092 malae
597 2051 755 2092 arboris
786 2065 873 2092 esse
895 2052 1009 2090 actus
1038 2049 1264 2099 hominum,
1293 2049 1337 2088 id
1369 2051 1430 2088 est
1457 2047 1763 2095 fornicationeS,
1792 2044 2003 2094 adulteria,

280 2117 469 2170 periuria,
500 2116 721 2157 homicidia
752 2119 791 2157 et
811 2116 970 2169 reliqua
990 2114 1053 2155 his
1076 2113 1253 2155 similia?
1282 2115 1436 2155 MAan
1455 2125 1600 2153 DIXIT:
1621 2111 1693 2152 Ita.
1734 2111 2002 2151 ARCHELAUS

214 2190 257 2223 31⁷»
281 2196 421 2224 mxrr:
462 2182 573 2235 Ergo
615 2182 650 2222 si
686 2183 912 2222 humanum
950 2193 1079 2234 genus
1108 2180 1275 2221 interire
1305 2178 1538 2232 provenerit
1568 2192 1591 2218 a
1620 2176 1726 2217 facie
1755 2179 1905 2226 terrae,
1945 2177 2004 2216 ita

280 2251 327 2288 ut
365 2248 473 2288 ultra
509 2248 591 2288 iam
620 2261 788 2300 peccare
823 2262 907 2288 non
943 2247 1121 2299 possint,
1162 2245 1293 2298 periet
1335 2247 1375 2285 et
1414 2243 1571 2284 arboris
1608 2243 1730 2283 huius
1761 2241 2002 2289 substantia,

280 2312 461 2353 fructum
490 2312 598 2352 ultra
627 2327 710 2354 non
740 2314 938 2354 adferens.
994 2311 1148 2352 MANES
1178 2324 1319 2351 DIXIT:
1350 2309 1405 2350 Et
1435 2310 1599 2362 quando
1631 2309 1743 2360 quod
1773 2306 1875 2348 dicis
1905 2306 2002 2347 fiet}>
2027 2312 2050 2345 9

282 2378 546 2418 ARCHELAUS
575 2391 717 2418 Dixrr:
749 2377 954 2426 Quoniam
983 2378 1093 2431 quod
1122 2375 1308 2417 futurum
1338 2378 1400 2416 est
1428 2374 1577 2424 nescio,
1607 2374 1729 2415 homo
1762 2372 1869 2413 enim
1900 2386 2000 2420 sum,

392 2465 417 2498 4
442 2465 573 2499 Matth.
600 2466 629 2507 7,
656 2467 707 2499 iu
750 2466 801 2507 12,
827 2467 880 2501 33.
920 2464 1008 2498 Luk.
1035 2468 1064 2503 ss,
1089 2465 1133 2497 44

397 2531 465 2565 GM
863 2554 867 2557 ,

396 2588 414 2621 1
443 2587 522 2630 quis
548 2598 664 2621 emere
689 2586 826 2630 aliquid
850 2587 894 2620 Μ
922 2589 926 2630 Ι
961 2588 982 2622 2
1008 2586 1161 2631 pecunia
1188 2585 1218 2619 Ο
1246 2585 1251 2626 Ι
1284 2583 1444 2628 proferat
1468 2582 1511 2615 Μ
1538 2582 1543 2624 Ι
1576 2582 1600 2616 4
1625 2581 1712 2625 eius]
1736 2580 1842 2614 huius
1866 2580 1910 2613 Μ
1937 2581 1940 2621 Ι
1978 2580 2000 2614 5

281 2643 400 2676 fructu
425 2643 468 2676 Μ
485 2643 488 2683 Ι
517 2654 536 2676 o
562 2654 684 2676 munes
707 2643 812 2676 nobis
837 2642 881 2675 Μ
900 2654 990 2678 corr.
1016 2642 1059 2675 Μ
1066 2643 1079 2665 2
1111 2643 1114 2685 Ι
1148 2641 1172 2676 6
1197 2639 1361 2682 naturae]
1386 2640 1468 2672 nate
1494 2636 1631 2680 (Sti-iola
1654 2636 1893 2679 ausqelasseu)
1918 2635 1963 2668 M
1996 2635 2000 2678 Ι

284 2699 332 2732 10
357 2698 474 2732 malae
499 2698 598 2732 illius
622 2698 751 2732 radicis
776 2705 818 2735 <
843 2699 885 2732 Μ
913 2699 918 2741 Ι
954 2698 1000 2733 11
1027 2697 1163 2742 profers
1188 2695 1232 2729 Μ
1270 2696 1273 2738 Ι
1320 2695 1368 2729 12
1395 2705 1469 2728 esse
1492 2692 1735 2738 pronuntiasti
1758 2705 1803 2721 m>
1827 2691 1871 2723 Μ
1901 2691 1905 2733 Ι
1951 2690 1999 2725 15

281 2754 399 2787 malae
423 2752 521 2786 iilius
544 2767 589 2783 ω
619 2754 648 2787 O
687 2754 692 2797 1
738 2755 786 2788 19
819 2754 974 2788 fructum
1005 2753 1096 2787 ferre
1120 2765 1165 2782 ω
1191 2751 1235 2784 Μ
1272 2751 1277 2794 Ι
1322 2751 1370 2785 21
1398 2748 1490 2793 cum]
1516 2749 1545 2782 si
1568 2748 1612 2782 Μ
1651 2749 1654 2790 Ι
1699 2748 1749 2782 23
1775 2746 1848 2781 alii.
1878 2747 2001 2780 tamen

282 2808 324 2841 Μ
345 2808 409 2841 alii
434 2810 554 2842 autem
583 2810 613 2843 O
653 2810 657 2851 Ι
702 2810 822 2853 agent]
851 2810 1001 2853 agerent
1029 2809 1059 2842 Ο
1098 2809 1102 2851 Ι
1148 2807 1198 2842 26
1223 2806 1317 2840 nach
1341 2817 1469 2849 sequar
1494 2809 1534 2844 —†-
1560 2805 1597 2838 et
1628 2803 1673 2836 M
1711 2804 1714 2846 Ι
1760 2803 1810 2838 28
1848 2801 1998 2835 fornica-

281 2864 391 2898 tionis
429 2864 607 2898 adulteria
641 2878 687 2895 Ν
723 2865 768 2898 Μ
805 2866 808 2907 Ι
854 2865 902 2900 31
941 2863 1066 2909 periet]
1091 2862 1224 2908 peribit
1247 2862 1291 2895 Μ
1329 2863 1334 2905 Ι
1379 2862 1482 2898 et<
1517 2860 1546 2894 Ο
1586 2860 1590 2902 Ι
1635 2859 1684 2893 32
1716 2858 1875 2891 fructum
1904 2857 2001 2891 ultra

282 2933 326 2949 ω
352 2919 394 2952 Μ
432 2920 436 2962 Ι
481 2920 531 2954 33
557 2920 739 2964 quonium]
767 2932 921 2963 quonam
947 2920 1065 2954 Rom‘lz
