2164 3406
167 868 207 901 10

238 173 311 210 100
966 163 1209 207 Hegemonius

233 291 394 331 negare,
423 278 466 317 id
496 279 573 317 est:
603 277 713 328 quod
744 278 783 315 et
813 274 1133 328 cogitationibus
1154 275 1343 315 humanis
1364 290 1447 316 non
1467 276 1675 317 subiectus
1706 277 1840 327 fuerit,
1863 291 1949 317 om-

232 358 302 384 nes
332 343 542 396 passiones
573 342 659 382 eius
690 342 740 381 ad
770 342 966 381 deitatem
985 340 1181 387 referunt,
1212 340 1246 381 si
1275 341 1454 381 animam
1475 356 1558 382 non
1578 342 1722 383 habuit
1742 356 1818 383 nec
1838 356 1951 382 men-

233 412 325 449 tem.
384 408 518 449 Flevit
556 410 692 448 auten]
735 409 774 447 et
816 406 1081 447 contristatus
1124 408 1184 446 est
1226 409 1265 447 et
1305 409 1461 447 ceteros
1502 422 1646 460 passus
1677 410 1738 447 est
1767 406 1950 448 affectus.

232 474 347 515 Haec
378 475 486 514 enin]
515 488 588 527 per
618 488 659 513 se
691 486 838 525 corpus
879 472 965 524 pati
1005 486 1087 511 non
1127 474 1274 524 potest.
1332 471 1542 525 Superest,
1567 475 1613 513 ut
1643 474 1773 513 deitas
1802 473 1846 513 in
1874 472 1949 514 illo

232 541 332 580 haec
372 554 492 592 passa
533 539 667 579 fuerit.
724 537 836 578 Inter
865 535 1121 577 Novatianos
1164 540 1203 577 et
1234 536 1470 577 Montenses
1511 538 1589 579 hoc
1618 539 1807 588 interest,
1839 540 1949 592 quod

232 605 455 646 Novatiani
486 606 690 645 maiorum
726 603 944 644 criminum
979 603 1276 654 poenitentiam
1306 617 1388 643 non
1419 603 1636 656 accipiunt,
1664 605 1707 644 id
1737 607 1797 644 est
1826 616 1950 657 nega-

232 671 367 719 tionis,
397 669 600 723 adulterii,
631 669 855 717 homicidii,
885 667 1167 708 fornicationis
1194 671 1234 708 et
1255 671 1484 709 ceterorum
1505 670 1567 709 his
1589 669 1803 718 similium3
1834 670 1952 710 Mon-

232 739 365 776 tenses
395 750 491 776 vero
522 736 663 776 dicunt
693 749 766 775 nos
794 735 1016 786 scripturas
1047 736 1208 774 sanctas
1240 736 1466 774 exurendas
1496 735 1727 786 tradidisse,
1756 734 1952 775 simulan-

232 804 291 840 tes
321 815 416 841 suos
447 801 660 853 episcopos
692 799 906 841 ecclesiam
937 800 1186 852 gubernasse
1218 803 1258 840 et
1279 801 1390 853 quod
1416 799 1574 841 faciunt
1593 799 1845 841 Luciferiani
1865 814 1952 840 1110-

232 867 423 907 nentibus
465 866 756 915 sacerdotibus,
798 866 876 906 hoc
919 864 982 905 1111
1022 865 1182 906 faciunt
1217 865 1259 905 in
1303 866 1494 906 omnibus
1525 865 1726 917 ecclesiis,
1769 866 1950 906 dicentes

232 946 373 972 eorum
403 933 633 972 sacerdotes
665 946 750 972 esse
792 946 874 971 non
903 945 1039 984 posse,
1082 930 1152 984 qui
1193 931 1417 984 scripturas
1448 932 1722 981 tradiderunt,
1761 934 1800 972 et
1830 945 1952 984 super

231 998 309 1037 hoc
339 998 508 1046 addunt,
541 998 637 1050 quia
672 1000 854 1037 nostram
885 996 1100 1037 ecclesiam
1136 996 1383 1036 traditorum
1413 998 1617 1038 infamant
1647 1011 1951 1050 quemcumque

232 1078 254 1102 a
284 1063 402 1103 nobis
432 1063 675 1103 invenerint.

345 1170 389 1203 M

343 1271 364 1304 ‘2
391 1269 543 1302 Mercatz'
565 1272 651 1302 setaet
674 1269 778 1303 einen
802 1268 920 1302 Panlo?
952 1268 1043 1302 nacla
1067 1269 1228 1303 referunt
1258 1268 1334 1301 und
1363 1269 1422 1302 em
1448 1269 1603 1303 Komma
1627 1269 1720 1303 'nach
1745 1270 1904 1303 mentem
1951 1268 1955 1311 [

232 1327 255 1360 4
280 1325 432 1359 Met-eati
453 1325 545 1368 fassi?
568 1326 658 1359 haec
682 1325 777 1358 enim
803 1351 809 1358 .
836 1351 843 1358 .
868 1325 987 1369 potest
1011 1325 1065 1357 als
1082 1324 1295 1357 Parentlzese
1331 1325 1336 1367 Ι
1373 1326 1396 1359 9
1423 1325 1643 1358 luciferianis
1660 1324 1708 1367 M,
1731 1335 1797 1358 von
1819 1323 1955 1357 Traube

230 1381 416 1415 vav-bessem
469 1381 474 1424 Ι
532 1380 762 1414 monentibus
801 1380 938 1413 selzeint
978 1380 1130 1413 Mercari
1176 1380 1250 1413 mul
1288 1380 1424 1413 vaeer
1464 1381 1667 1424 mm’elztiffi
1715 1381 1774 1414 der
1817 1380 1953 1413 letzftere

233 1440 399 1470 ffermutet
424 1436 664 1471 eminentibus
709 1437 712 1479 Ι
759 1436 805 1470 11
833 1435 968 1479 eorum]
995 1435 1148 1469 Mereati
1170 1435 1305 1469 moehte
1330 1447 1452 1470 earum
1478 1436 1522 1479 (cl.
1539 1436 1571 1470 Ιι,
1590 1435 1834 1478 ecclesiarum)
1861 1435 1954 1468 lesen

233 1493 235 1535 Ι
280 1493 327 1527 12
354 1491 583 1535 traditorum]
614 1491 745 1524 Traube
769 1494 937 1524 vel-mutet
963 1490 1181 1524 traditurum
1225 1494 1229 1534 Ι
1276 1492 1324 1526 13
1353 1491 1443 1525 nach
1473 1491 1679 1525 invenerint
1703 1491 1808 1534 solat:
1836 1489 1958 1534 Expli-

233 1548 282 1581 cit
309 1547 498 1581 altercatio
517 1547 640 1580 Sancti
658 1546 826 1591 Archelai
844 1547 999 1591 episcopi
1017 1547 1145 1580 contra
1158 1547 1291 1581 Manen
1308 1546 1581 1581 Heresiarchani
1613 1547 1617 1589 1
1650 1546 1803 1580 Mea-eati
1822 1545 1959 1588 ιαἰαῖιὸί,

233 1603 317 1635 (lass
342 1603 397 1636 (lie
420 1602 565 1645 Vorlasse
589 1613 650 1635 am.
676 1602 775 1635 Emle
799 1601 1038 1636 verst=z·‹tvmzelt
1062 1602 1117 1635 3οἰ

1979 480 2027 514 13

1979 679 2029 713 14
