2164 3406
159 865 202 899 10

158 1199 200 1231 15

760 156 851 189 Actu¹
876 155 1043 189 Archelai
1070 156 1230 190 XXXVl.
1257 156 1435 191 XXXVll.
1913 164 1963 200 51}

231 279 328 320 ergo
361 267 579 320 prodidisti
610 268 889 320 ig11‹‚›1·antia1n
921 270 1047 317 tuam⁷
1079 269 1214 309 dicam
1246 282 1322 321 ego
1354 270 1446 322 quis
1479 269 1545 308 ille
1577 271 1630 309 sit
1660 273 1776 322 pater
1797 270 1961 310 diaboli.

232 332 385 374 Mimas
415 346 558 375 nixi'r:
587 333 677 383 Dic,
698 347 752 374 ET
780 346 975 375 Anincrr:
1008 334 1153 375 Omnis
1185 335 1255 387 qui
1288 336 1480 376 eonditor
1511 339 1572 375 est
1603 336 1663 375 vel
1698 341 1858 376 creator
1889 337 1961 376 ali-

231 413 407 453 quorum
448 402 566 453 pater
609 414 750 441 eorum
794 414 899 453 quae
942 402 1175 441 condiderit
1211 401 1454 454 appellatur.
1513 402 1780 441 Aiwifflnxufs
1821 416 1960 444 mxi'r:

230 466 359 506 Miror
389 467 598 519 quomodo
630 465 778 507 saltem
811 467 888 506 hoc
918 469 1030 506 recta
1062 468 1219 508 ratione
1253 469 1511 521 responderis
1542 482 1617 508 nec
1653 469 1848 509 celaveris
1880 484 1961 509 ser-

228 532 363 573 monis
394 532 515 572 huius
544 531 874 585 intellegentiam
904 532 970 573 vel
1002 536 1202 574 naturam.
1246 534 1355 574 Audi
1387 535 1469 575 iam
1501 549 1547 574 ex
1581 535 1656 575 hoc
1679 536 1746 588 qui
1772 536 1824 575 sit
1845 538 1962 588 pater

228 598 326 638 eius.
387 596 489 638 Cum
522 614 569 638 ex
602 597 810 639 caelorum
841 611 969 651 regno
1002 600 1234 649 decidisset,
1266 604 1352 641 erat
1382 616 1505 654 super
1532 604 1660 642 terras
1681 602 1900 641 intendens
1923 604 1961 641 et

227 664 440 717 inquirens
483 665 550 705 cui
592 679 633 705 sc
675 665 808 717 possit
851 665 1092 718 adiungere,
1136 680 1258 719 quem
1303 683 1348 707 ex
1382 668 1591 708 consortio
1623 668 1686 707 sui
1716 668 1961 720 participem

228 744 395 784 quoque
436 731 648 783 nequitiae
690 746 788 772 suae
818 731 976 771 valeret
1018 731 1192 773 efficere.
1252 732 1306 773 Et
1337 734 1504 787 quidem
1547 735 1676 774 donec
1719 735 1842 774 homo
1879 749 1961 773 non

228 798 325 846 erat⁷
357 811 491 850 neque
522 796 592 837 ille
622 797 911 850 appellabatur
946 798 1155 838 homicida
1192 812 1326 851 neque
1358 812 1449 839 cum
1487 802 1600 852 patre
1632 801 1824 847 mendam
1867 803 1962 853 post
1989 805 2011 836 (ί

227 863 328 903 haec
358 878 466 912 vero⁷
498 877 591 904 cum
622 863 755 903 factus
787 866 894 904 esset
925 864 1047 904 homo
1085 878 1131 904 ac
1167 866 1382 905 mendacio
1421 866 1507 905 eius
1539 866 1686 906 fuisset
1717 868 1755 906 et
1787 866 1961 906 circum-

226 929 421 970 ventione
452 930 659 981 deceptus7
702 943 795 969 cum
839 944 927 970 sese
969 929 1211 971 inseruisset
1253 931 1417 983 corpori
1459 931 1662 984 serpentis
1700 933 1961 984 sapientioris

227 994 412 1036 omnium
443 994 687 1045 bestiarum,
723 998 824 1035 tunc
855 995 1089 1049 appellatus
1127 999 1188 1036 est
1218 998 1391 1036 mendax
1425 1012 1504 1037 una
1535 1012 1629 1038 cum
1666 1000 1779 1050 patre
1811 1012 1885 1039 3110
1924 1002 1962 1039 et

226 1060 419 1101 effectum
450 1063 511 1100 est
541 1075 624 1102 non
654 1061 788 1102 solum
821 1077 945 1115 super
973 1062 1111 1115 ipsum
1132 1062 1337 1103 mendacii
1368 1063 1645 1114 maledictum,
1678 1065 1746 1104 sed
1771 1067 1809 1104 et
1841 1079 1963 1117 super

224 1129 384 1179 patrem
424 1125 523 1167 eius.
585 1125 688 1167 Cum
729 1140 826 1180 ergo
867 1142 1033 1181 serpens
1074 1129 1296 1181 recepisset
1337 1143 1431 1170 eum
1472 1130 1515 1170 in
1551 1144 1640 1171 sese
1670 1133 1710 1171 et
1740 1130 1961 1183 recepisset

225 1193 476 1242 universum,
517 1195 731 1246 tamquam
773 1207 1006 1247 praegnans
1049 1194 1220 1236 effectus
1263 1199 1334 1245 est,
1374 1196 1556 1249 ingentis
1593 1196 1776 1237 malitiae
1806 1197 1960 1237 fascem

224 1262 406 1312 portans⁷
437 1260 477 1299 et
508 1261 595 1299 erat
625 1258 733 1299 sicut
762 1275 965 1313 puerpera
996 1275 1101 1314 quae
1130 1265 1252 1315 partu
1283 1264 1463 1315 urgetur,
1495 1261 1638 1302 volens
1667 1277 1854 1303 evomere
1876 1278 1960 1303 ma-

225 1324 365 1378 lignae
396 1324 677 1378 suggestionis
710 1325 795 1366 eius
826 1326 1021 1380 cogitata.
1080 1327 1210 1368 Primi
1242 1328 1349 1368 enim
1382 1328 1560 1368 hominis
1583 1328 1758 1381 gloriam
1780 1329 1961 1382 graviter

226 1390 360 1431 ferens
391 1405 559 1444 serpens
589 1390 801 1444 ingressus
832 1394 1071 1445 paradisum
1103 1397 1142 1434 et
1173 1394 1382 1447 conceptis
1420 1394 1461 1434 in
1493 1408 1535 1434 se
1571 1394 1804 1445 doloribus,
1847 1410 1959 1436 men-

226 1458 345 1498 daces
378 1457 515 1510 coepit
546 1470 741 1511 generare
773 1473 983 1499 sermones
1015 1463 1055 1500 et
1084 1463 1260 1501 mortem
1292 1474 1435 1513 parere
1466 1460 1715 1511 hominibus,
1747 1461 1818 1514 qui
1839 1476 1861 1501 a
1883 1463 1958 1501 deo

224 1588 378 1630 festum
409 1589 543 1630 facere
580 1605 654 1643 per
687 1593 936 1644 serpentem3
974 1592 1044 1631 sed
1081 1591 1307 1632 reservavit
1343 1591 1639 1644 perfectionem
1670 1608 1801 1643 suam⁷
1834 1608 1960 1647 quam

225 1657 529 1696 demonstraret
568 1657 612 1696 in
643 1655 762 1706 Cain,
808 1672 831 1696 a
873 1671 955 1710 quo
999 1660 1218 1711 generatus
1261 1660 1323 1698 est
1357 1660 1481 1699 totus.
1540 1658 1595 1699 Et
1624 1674 1697 1712 per
1726 1663 1960 1713 serpentem

225 1722 393 1775 quidem
434 1722 676 1775 hypocrises
717 1725 757 1763 et
796 1723 983 1764 fallacias
1026 1725 1078 1763 ad
1108 1723 1240 1764 Evam
1271 1725 1586 1772 demonstravit3
1628 1739 1700 1778 per
1730 1725 1833 1767 Cain
1863 1741 1960 1768 vero

224 1787 439 1828 homicidii
469 1789 683 1829 exordium
714 1789 838 1839 dedit,
868 1790 1052 1831 inserens
1075 1804 1117 1830 se
1138 1790 1182 1830 in
1202 1789 1407 1843 primitias
1430 1790 1607 1844 frugum,
1641 1806 1741 1845 quas
1762 1791 1833 1833 ille
1854 1792 1961 1833 male

225 1853 448 1895 distribuit.
506 1853 570 1894 Ex
601 1855 680 1896 hoc
709 1855 918 1896 homicida
948 1855 1183 1908 appellatus
1215 1859 1278 1897 est
1300 1857 1350 1897 ab
1378 1856 1510 1906 initio⁷
1541 1859 1720 1898 mendax
1740 1872 1837 1899 vero
1860 1873 1960 1912 quo—

223 1920 336 1960 niam
366 1919 519 1961 fefellit
549 1920 705 1962 dicens:
736 1924 864 1961 Eritis
894 1927 1098 1974 tamquam
1127 1925 1200 1973 clz'z‘,
1233 1921 1352 1963 eiecti
1383 1926 1478 1964 sunt
1505 1924 1614 1964 enim
1643 1927 1790 1977 postea
1819 1927 1868 1965 de
1889 1940 1960 1978 pa-

224 1986 361 2028 radiso
391 1986 454 2027 illi
485 2001 588 2040 quos
620 1988 718 2028 deos
756 1986 919 2028 futuros
963 2002 1050 2028 esse
1092 1987 1276 2029 fallebat.
1334 1987 1531 2030 Efficitur
1567 2002 1665 2043 ergo
1701 1991 1815 2043 prior
1844 1994 1962 2044 pater

225 2052 311 2092 eius
342 2052 415 2106 qui
445 2067 537 2093 eum
567 2053 610 2093 in
641 2055 759 2093 utero
792 2053 983 2106 concepit
1013 2057 1053 2094 et
1083 2055 1228 2108 genuit
1256 2057 1381 2108 atque
1408 2054 1449 2094 in
1469 2054 1603 2096 lucem
1630 2056 1760 2096 edidit
1781 2071 1960 2109 serpens,

180 2120 182 2134 ³
225 2120 429 2159 secundus
459 2133 557 2159 vero
589 2118 709 2170 Cain,
740 2119 812 2172 qui
842 2119 1084 2172 iniquitates
1127 2123 1363 2174 conceptas,
1406 2121 1569 2162 dolores
1612 2124 1651 2161 et
1691 2122 1959 2174 parricidium

154 2189 198 2224 30

223 2184 400 2237 peperit;
429 2184 648 2226 interfecto
671 2185 822 2226 etenim
844 2185 982 2236 fratre,
1009 2185 1285 2240 iniquitatem,
1306 2187 1551 2227 iniustitiam
1575 2189 1699 2240 atque
1719 2188 1961 2241 inpietatem

223 2250 378 2303 pariter
405 2251 671 2304 perpetravit.
731 2251 812 2292 Sed
854 2254 894 2292 et
924 2251 1177 2306 quicumque
1219 2267 1312 2293 eum
1354 2253 1586 2306 suscipiunt
1617 2257 1656 2294 et
1686 2254 1844 2294 faciunt
1875 2254 1960 2294 eius

224 2316 426 2357 desideria
455 2317 602 2358 fratres
634 2317 721 2358 eius
753 2317 1001 2359 efficiuntur.
1043 2317 1167 2359 Pater
1189 2318 1275 2359 eius
1308 2318 1514 2371 perfectus
1545 2322 1607 2360 est
1635 2319 1814 2369 Pharao;
1845 2323 1962 2373 pater

224 2382 310 2422 eius
343 2382 582 2424 efficiuntur
602 2384 889 2437 unusquisqne
919 2384 1145 2436 inpiorum3
1176 2387 1294 2438 pater
1317 2386 1402 2426 eius
1425 2384 1594 2427 effectus
1617 2388 1678 2427 est
1699 2385 1832 2437 Iudas,
1864 2387 1961 2440 quia

335 2492 386 2526 26
414 2491 501 2526 een.
527 2493 558 2536 3,
584 2495 604 2527 5

339 2579 411 2614 GM

336 2659 356 2693 1
385 2658 473 2702 quid
501 2659 530 2694 C
569 2660 572 2702 Ι
618 2661 640 2695 2
673 2660 754 2694 dico
786 2661 815 2695 G
854 2661 858 2703 Ι
903 2662 939 2695 et
970 2660 1105 2695 adiecit
1135 2661 1216 2705 (rot)
1247 2672 1315 2695 [ms
1352 2661 1539 2696 archelaus
1566 2662 1659 2697 dixit
1689 2664 1770 2706 (rot)
1802 2674 1892 2696 corr.
1919 2663 1962 2696 Μ

222 2712 226 2755 Ι
267 2713 434 2749 conditor
450 2715 516 2759 est]
542 2715 767 2750 conditorem
790 2716 820 2750 G
858 2716 862 2760 Ι
908 2717 931 2751 3
949 2728 1041 2760 quae
1066 2723 1108 2754 <
1139 2717 1169 2751 O
1207 2717 1211 2759 Ι
1256 2717 1280 2751 4
1299 2717 1421 2751 saltim
1439 2718 1483 2751 M
1522 2720 1525 2761 Ι
1570 2719 1957 2763 30111101113Ι30111101103

227 2768 257 2802 O
270 2775 312 2807 <
337 2770 381 2803 M
412 2770 416 2814 Ι
454 2770 477 2806 6
494 2772 627 2805 terram
646 2772 690 2805 M
718 2773 721 2816 Ι
757 2773 803 2807 11
825 2773 982 2817 corporis
1005 2773 1034 2807 C
1062 2774 1065 2817 Ι
1102 2773 1150 2808 12
1177 2773 1227 2816 et]
1246 2774 1287 2807 ut
1310 2773 1339 2807 G
1370 2774 1374 2816 Ι
1413 2774 1462 2808 13
1481 2785 1584 2818 super
1601 2774 1719 2819 ipsum
1736 2775 1852 2810 solum
1873 2774 1915 2807 Μ
1952 2774 1955 2816 Ι

224 2824 270 2860 17
292 2824 432 2868 agitata
455 2826 484 2860 O
523 2826 528 2869 Ι
573 2827 623 2861 23
648 2827 848 2872 hypocrisis
866 2829 910 2862 M
949 2831 953 2872 Ι
997 2829 1184 2863 fallaciam
1202 2829 1246 2862 Μ
1285 2829 1289 2872 Ι
1334 2829 1380 2862 ad
1397 2830 1513 2873 evam]
1534 2841 1636 2864 suam
1653 2831 1698 2864 Μ
1737 2832 1742 2873 Ι
1787 2831 1835 2865 28
1856 2829 1956 2864 dedit

226 2879 265 2912 M
304 2880 309 2922 Ι
354 2881 405 2914 30
429 2880 634 2917 interfectio
666 2883 695 2917 O
734 2885 738 2927 Ι
782 2883 904 2928 fratre]
932 2885 1082 2919 fratrem
1113 2884 1142 2919 G
1161 2886 1263 2929 patre
1290 2885 1525 2928 (Jeaepzmye'ert)
1552 2885 1662 2920 fratre
1686 2886 1731 2919 M
1762 2887 1766 2928 Ι
1811 2886 1861 2920 33
1888 2885 1953 2928 est]

223 2935 416 2978 ilberjrsesc‘lz.
449 2936 495 2970 C1

1991 1134 2006 1166 7

186 1528 194 1562 ζ
224 1522 390 1563 fuerant
419 1523 587 1577 figurati
619 1526 659 1564 et
689 1527 934 1577 acceperant
960 1526 1099 1566 vitam.
1142 1524 1298 1566 Verum
1319 1540 1400 1567 non
1433 1527 1571 1579 potuit
1600 1529 1735 1568 totum
1767 1542 1808 1568 se
1828 1528 1959 1569 mani-
1985 1531 2007 1565 8

1989 2258 2038 2292 10
