2164 3406
398 182 569 223 passiones

208 295 345 327 domino
386 291 548 335 pugnanti
593 290 768 322 adversum
786 292 788 321 ζ

251 340 475 392 passiones
501 346 584 378 quae
602 331 788 377 profunda'

251 385 412 416 viscerum
446 381 647 414 obsederant
678 380 730 419 84,
748 390 769 419 4

206 430 351 461 imitatus
365 433 492 470 patrem
507 430 654 457 nostrum
664 425 768 456 Abra-

249 475 328 506 ham
359 472 639 522 patriarcham
672 478 701 511 3,
728 479 788 512 21,

208 521 279 562 quis
326 518 383 550 ille
431 522 481 549 est
530 516 584 558 qui
632 513 788 557 patrat'

254 563 361 606 (parat
383 563 419 603 C)
437 563 521 594 haec
534 560 648 592 omnia
662 560 715 602 85,
729 569 766 600 31

208 609 353 651 paucis
371 608 480 639 dicam
498 615 552 647 43,
566 615 600 643 23
628 605 669 637 ad
686 606 770 636 haec

255 655 372 696 paucis
397 652 543 684 rescribe
570 652 623 690 66,
642 659 700 689 24;
727 650 769 681 ad

257 710 295 730 ea
325 698 441 741 paucis
466 696 686 737 respondeam
714 694 765 735 87,

253 755 289 784 4;
308 743 510 786 paucissime
528 741 638 772 dicere
655 740 769 772 volen-

254 794 320 820 tem
346 789 399 829 89,
422 797 461 827 14

210 835 277 865 duo
317 834 443 865 minuta
486 829 788 874 pauperculae'

788 873 1030 915 ,1301111111110
1050 888 1094 898 =
1110 873 1208 915 μῖξις
1232 882 1262 912 9,
1281 879 1322 910 23

209 924 235 954 51
273 923 416 955 dixerint
453 922 549 953 vobis
579 921 613 952 in
646 928 789 962 pene-'

253 879 373 910 viduae
400 887 450 918 70,
473 885 488 919 5

254 969 484 1000 trabilibus
513 966 562 1008 58,
581 967 601 997 6

208 1025 279 1055 per
296 1024 400 1045 annos
418 1013 568 1053 singulos
586 1017 688 1050 2,17;
716 1009 772 1051 qui

253 1070 312 1101 per
335 1058 470 1089 Addam
496 1057 603 1087 fuerat
634 1055 790 1087 instruc-,

254 1109 305 1135 tus
332 1111 360 1145 5,
385 1108 418 1143 53
451 1113 510 1143 per
535 1097 622 1142 (διά)
648 1100 770 1141 epistu-

254 1149 320 1180 lam
352 1148 496 1179 scribam
524 1155 552 1186 7,
571 1154 630 1187 25,
645 1145 771 1176 hauri-

254 1198 352 1225 untur
369 1204 429 1234 per
447 1186 547 1234 (ὑπό)
565 1201 684 1221 urceos
702 1191 770 1220 ani-

255 1249 329 1270 mae
351 1247 400 1278 13,
415 1246 473 1274 2ος
500 1247 559 1278 per
576 1232 663 1278 (διά)
688 1235 772 1266 haec

255 1284 382 1315 factum
392 1287 441 1314 est
455 1263 648 1323 figmentum
657 1280 772 1311 mundi

255 1339 315 1370 per
338 1324 408 1370 (ἐκ)
435 1326 666 1358 conditionem
684 1325 772 1366 prin-

258 1373 341 1414 cipis
360 1382 412 1411 20,
431 1381 489 1413 23;
516 1381 610 1402 muro
628 1381 687 1411 per
705 1381 772 1401 me-

258 1419 348 1449 dium
366 1418 527 1449 instructo
546 1416 598 1457 38,
618 1425 670 1456 17;
698 1425 773 1446 cum

256 1474 316 1505 per
333 1473 454 1494 annum
469 1461 650 1492 manserint
664 1460 715 1498 88,
734 1468 774 1491 10

212 1513 380 1550 tamquam
418 1508 604 1548 elegantem
636 1505 773 1536 mimum

258 1563 435 1595 perages
466 1551 622 1592 mysteria
655 1559 706 1592 59,
732 1558 775 1590 30

213 1599 255 1629 ad
302 1598 487 1638 perfectum
540 1596 773 1646 perducens

258 1644 371 1684 iniqua
396 1641 536 1674 consilia
562 1649 612 1683 54,
632 1641 691 1678 26,
718 1641 772 1681 qui

258 1689 300 1719 ad
341 1688 498 1718 doctores
538 1698 558 1717 a
592 1686 773 1727 pedagogo

258 1732 449 1775 perducitur
473 1732 525 1772 67,
545 1738 585 1772 25

213 1778 458 1819 perduravit
483 1777 509 1807 si
529 1777 580 1808 cui
597 1776 684 1806 vires
703 1775 774 1805 sue-

259 1828 332 1854 runt
357 1822 523 1854 tolerandi
549 1830 578 1861 3,
602 1830 613 1852 1

215 1869 258 1899 ad
282 1873 412 1909 tempus
430 1877 604 1908 peregre
629 1865 775 1896 afuturus

259 1923 312 1954 43
332 1920 372 1954 25

215 1958 242 1989 si
269 1958 402 2000 quando
429 1956 471 1988 ad
496 1966 669 1997 vesperam
687 1955 777 1985 velut

259 2002 534 2044 peregrinans
571 1999 776 2042 (peregrinus

259 2048 303 2089 A)
343 2048 387 2078 ad
431 2045 615 2087 hospitium
662 2055 777 2086 perve-

260 2093 363 2123 nisset
389 2099 417 2133 5,
437 2102 457 2132 9

217 2137 335 2168 domus
381 2135 697 2177 peregrinorum
747 2139 778 2164 et

260 2192 442 2224 pauperum
472 2179 657 2222 hospitium
689 2180 776 2210 dice-

261 2228 358 2258 batur
403 2236 440 2266 4,
482 2235 537 2266 173
585 2224 778 2265 peregrinus

261 2272 376 2303 Turbo
419 2279 446 2313 5,
480 2281 534 2311 19;
577 2270 710 2311 quando
746 2274 778 2300 te

261 2317 403 2347 vidimus
434 2315 645 2358 peregrinum
670 2315 722 2355 63,
740 2325 777 2353 4;

263 2372 338 2393 cum
362 2361 538 2402 peregrina
556 2360 718 2401 quaedam
746 2364 777 2390 et

263 2406 371 2438 aliena
388 2406 555 2437 adsereret
571 2406 624 2444 64,
640 2404 676 2442 6;
695 2415 778 2446 quae

263 2451 439 2493 peregrina
468 2451 539 2482 visa
569 2454 643 2481 sunt
676 2454 707 2480 et
731 2450 779 2480 in-

264 2497 331 2527 fida
355 2496 408 2535 64,
430 2505 468 2537 17

219 2541 353 2582 periet
383 2540 519 2583 (peribit
550 2539 610 2582 M)
643 2549 695 2580 30,
721 2548 778 2579 313

264 2587 334 2627 vgl.
365 2585 497 2617 interiet
528 2584 688 2625 (interibit
718 2584 780 2623 M)

266 2640 318 2671 33,
342 2640 395 2670 14;
421 2631 484 2662 das
511 2631 589 2662 Fut.
614 2641 684 2660 nur
707 2629 783 2660 hier

221 2676 377 2717 quoniam
401 2676 445 2706 ad
468 2676 699 2716 perfectum
725 2673 781 2704 ad-

267 2720 404 2750 duxerat
433 2731 567 2750 omnem
597 2726 781 2750 creaturam

266 2773 319 2804 49,
342 2774 396 2801 103
434 2765 477 2795 ad
501 2764 683 2806 perfectum
708 2774 781 2804 per—

267 2809 391 2840 ducens
420 2809 533 2850 iniqua
563 2809 704 2840 consilia
730 2816 781 2850 54,

268 2854 325 2891 26;
361 2855 432 2895 vgl.
464 2854 507 2884 ad
542 2854 782 2894 perfectionem

271 2906 322 2940 54,
347 2908 386 2930 21

227 2943 370 2984 Perfekt
398 2944 434 2974 in
463 2954 532 2974 -ere
563 2953 634 2974 nm·
663 2943 698 2973 in
724 2942 804 2979 M3·

906 180 975 209 Lat.
1003 177 1238 217 Wortregister

851 289 1034 329 perduxere
1053 297 1083 326 2,
1100 297 1156 328 34;
1177 288 1264 319 sucre
1284 297 1345 328 3,..
1358 299 1384 337 ς1

851 334 1017 365 indulsere
1043 342 1134 374 3,14
1383 340 1384 397 1

805 378 1031 410 testimonium
1062 378 1286 419 perhibere
1310 387 1364 416 44,

855 433 907 464 193
937 422 987 465 56,
1006 424 1026 455 6
1052 419 1363 475 (σινμαρτιρὲω)
1383 415 1385 471 1

851 469 904 510 85,
922 477 941 500 2
975 465 1219 512 (μαρτυοέω)
1252 468 1305 507 89
1325 476 1365 507 33

806 514 931 555 primus
955 513 1060 544 homo
1086 513 1237 543 detentus
1264 513 1366 553 peri-

853 558 1071 590 clitaretur
1085 540 1386 599 (ἕκινδὺνευσεν)1

856 613 905 642 10,
925 604 967 635 28
1385 613 1386 624 ³

807 659 873 679 non
910 654 959 679 est
994 648 1063 679 sine
1100 647 1290 688 periculo
1325 627 1386 682 nai

851 694 955 735 Infin.
988 700 1119 734 25,14;
1157 702 1209 733 29,
1240 692 1294 726 18;
1322 689 1386 731 cs.]

851 739 904 777 80,
931 748 968 779 31

787 823 788 828 1
806 793 1039 825 permisceo
1070 798 1113 808 =
1144 778 1366 836 ἐγκαταμίγ

851 840 936 871 νιμι
961 829 990 867 6,
1009 838 1067 869 29;
1093 822 1249 860 ἤὲνόω
1276 826 1305 866 6,
1326 835 1387 867 30

807 929 912 960 neque
953 919 1129 959 quicquam
1169 927 1368 958 perscru-

852 961 1317 1007 1ιιῃ1εε(διακρίνοντες)6,
1327 962 1388 1004 26

807 1006 955 1051 (Paulus)
980 1012 1230 1049 persecutor
1263 1007 1368 1038 eccle-

852 1054 919 1084 siae
946 1061 997 1095 55,
1020 1062 1075 1093 19;
1101 1053 1171 1094 vgl.
1201 1060 1250 1094 55,
1271 1061 1311 1092 23

807 1099 946 1130 Paulum
972 1109 1012 1129 ex
1035 1098 1173 1139 propria
1197 1108 1255 1128 sua.
1278 1108 1369 1137 per·
1388 1091 1389 1110 ³

853 1154 958 1175 sona
1020 1143 1156 1173 dicebat
1218 1142 1369 1173 adserere

853 1189 906 1225 66,
929 1198 967 1219 12
1388 1205 1389 1233 1

809 1232 956 1276 (domus)
987 1233 1178 1274 perstitit
1208 1218 1390 1274 (perstetiti

860 1278 899 1321 C)
924 1278 977 1320 78,
996 1278 1038 1310 28

809 1324 1086 1365 pertimuerat
1149 1322 1372 1365 (pertenuerat

863 1368 945 1411 CM)
973 1368 1163 1399 conflictum
1191 1368 1301 1407 7S,12

808 1413 952 1444 inveniet
982 1414 1066 1444 haec
1096 1413 1129 1443 in
1160 1412 1267 1453 prima
1303 1412 1372 1452 epi-

857 1459 942 1490 stula
983 1457 1131 1499 apostoli
1179 1457 1371 1497 plenissime

853 1507 1113 1545 pertractata
1139 1501 1371 1542 (praetractam

854 1549 885 1579 A
910 1553 1048 1580 tractata
1081 1547 1162 1588 CM)
1190 1554 1243 1585 72,
1260 1558 1281 1586 4

810 1594 852 1625 ad
869 1594 1029 1624 iudicium
1052 1593 1242 1633 pertrahi
1261 1592 1313 1630 88,
1329 1600 1390 1623 20<

809 1639 935 1669 utinam
953 1649 993 1669 eo
1010 1648 1114 1691 usque
1130 1638 1258 1668 vanitas
1277 1648 1298 1677 p
1309 1648 1325 1667 e
1336 1648 1369 1667 r-

854 1683 1042 1715 venisset
1067 1677 1260 1724 (ἔφθασεν)
1281 1691 1309 1722 7,
1329 1691 1370 1713 22

811 1728 866 1770 (1111
897 1729 931 1759 111
961 1737 1201 1770 perversum
1227 1727 1372 1758 declina-

853 1774 959 1804 verint
987 1782 1036 1815 51,
1054 1772 1074 1803 6

811 1818 1203 1861 (Marcellus)aedificans
1213 1827 1270 1848 cor
1278 1827 1371 1847 suum

857 1874 956 1904 super
986 1864 1182 1895 inmobilem
1214 1867 1372 1903 petram

856 1908 963 1946 4,18;
996 1909 1113 1939 511111115
1143 1909 1294 1939 inventus
1325 1911 1374 1936 est

858 1953 1036 1984 Marcellus
1061 1959 1174 1994 petrae
1202 1952 1252 1992 78,
1271 1958 1311 1990 27

812 2002 847 2029 ut
870 2003 1024 2039 parcatur
1048 2009 1067 2029 a
1091 1999 1230 2039 plagis
1248 1997 1370 2028 Phara-

859 2043 915 2074 oni
942 2051 992 2083 75,
1016 2052 1052 2083 13

813 2087 938 2129 plaga
955 2103 998 2112 Ξ
1014 2089 1129 2129 κλῖμα
1155 2095 1266 2124 22,12

814 2133 956 2163 mundus
986 2133 1216 2174 plasmatus
1253 2126 1374 2171 (ἐπλά-

860 2177 946 2220 σθη)
977 2178 1014 2209 18
1048 2187 1086 2217 19

815 2222 961 2263 plenus
993 2234 1034 2255 m.
1066 2222 1146 2253 Gen.
1173 2229 1227 2261 27,
1245 2230 1296 2261 29.
1317 2228 1373 2259 31;

861 2267 913 2306 88,
942 2277 1000 2308 23;
1041 2279 1083 2299 m.
1123 2265 1199 2296 Abl.
1238 2266 1289 2304 26,
1317 2274 1374 2304 27;

861 2320 913 2354 35,
939 2321 995 2353 3ος
1027 2322 1080 2352 41,
1110 2312 1163 2346 163
1201 2310 1377 2352 prudentia

859 2357 1006 2388 iudicum
1049 2355 1277 2398 plenissimum
1316 2359 1377 2384 ter-

861 2403 985 2433 minum
999 2402 1111 2444 posuit
1123 2410 1176 2440 42,
1192 2410 1249 2441 32;
1269 2400 1376 2430 sciens

862 2447 1033 2478 doctrinae
1076 2451 1151 2477 tuae
1190 2444 1376 2486 perfectum

861 2497 894 2524 et
916 2492 1146 2533 plenissimum
1172 2500 1305 2521 sensum
1323 2489 1375 2527 64,

865 2538 919 2573 18;
963 2537 1187 2568 exolutionem
1225 2534 1376 2576 plenissi-

862 2593 949 2613 mam
997 2586 1187 2622 recepturus
1235 2579 1288 2617 66,
1318 2588 1375 2619 31;

862 2638 944 2669 quos
983 2628 1064 2657 deus
1100 2625 1294 2667 plenissime
1326 2634 1373 2654 re-

862 2673 972 2713 pletos
1002 2671 1172 2702 intellectu
1202 2669 1292 2699 misit
1324 2676 1375 2708 39,

864 2717 899 2753 8;
918 2716 1111 2757 plenissime
1130 2714 1305 2746 ostendere
1322 2723 1375 2752 47,

869 2770 917 2803 15.
935 2771 978 2792 20

819 2808 875 2848 qui
892 2806 1027 2847 ingenio
1042 2810 1139 2846 atque
1157 2803 1294 2835 scientia
1310 2813 1377 2833 non

864 2862 979 2892 parum
1003 2850 1138 2890 pollet
1164 2857 1216 2889 32,
1235 2857 1275 2887 23

820 2897 853 2927 in
879 2895 1129 2926 similitudinem
1148 2892 1377 2935 (similitudine

874 2940 914 2982 C)
950 2943 1156 2981 ponuntur
1196 2937 1377 2968 animarum

1558 177 1778 219 praesentiam

1890 179 1961 217 127

1446 298 1499 328 41,
1514 298 1548 328 9;
1568 288 1599 318 111
1619 288 1699 318 tibin
1719 288 1847 328 positus
1862 295 1914 328 75,
1929 295 1960 322 1:

1447 338 1539 363 sons!
1567 344 1607 362 m.
1640 332 1714 363 ΑΜ.
1741 344 1782 364 m.
1816 333 1864 368 in;
1891 334 1962 372 ipse

1448 378 1479 408 in
1519 378 1624 418 prima
1670 377 1811 418 epistula
1851 377 1964 418 posuit

1448 423 1560 453 dicens
1591 423 1640 463 56,
1660 430 1677 461 3

1403 473 1518 509 quarta
1550 468 1605 505 Η-
1633 471 1722 507 parte
1750 466 1808 506 lis)
1842 466 1963 507 pretio-

1449 523 1519 543 rum
1570 511 1768 553 portione
1810 517 1965 551 suscepta

1448 566 1479 595 2,
1498 558 1534 594 8;
1559 557 1646 597 lapis
1672 556 1757 586 solet
1775 567 1794 596 1
1790 556 1963 586 ortionem

1447 601 1702 642 uniuscuiusque
1733 600 1882 631 dividere
1912 600 1963 639 38,

1450 656 1506 687 32;
1532 647 1601 687 vgl.
1631 655 1680 684 10,
1703 653 1739 684 17

1404 689 1963 732 possspost9,2(A);48,17(C)

1404 737 1612 778 possibile
1631 742 1679 766 est
1696 747 1737 768 m.
1755 735 1827 775 Ins.
1843 743 1963 775 24,15;

1450 791 1501 823 29,
1521 791 1556 821 9;
1586 790 1637 822 3ο,
1658 789 1700 819 24
1725 780 1800 820 (bis)

1404 838 1470 858 11011
1501 826 1605 857 11111110
1630 831 1725 866 post
1748 834 1802 864 43,
1821 834 1877 864 27;
1911 833 1965 862 44,

1454 879 1508 911 17;
1528 882 1595 901 non
1612 870 1717 910 longo
1736 874 1813 910 post
1831 875 1965 909 aposto-

1448 916 1557 947 lorum
1571 921 1724 955 tempore
1738 915 1791 955 96,
1806 923 1839 944 11
1855 925 1860 949 ;
1876 918 1969 944 sons!

1450 966 1568 1002 postea
1585 960 1632 991 als
1654 959 1756 995 Adv‚;
1777 959 1862 989 vade
1888 966 1967 999 post

1449 1017 1502 1036 me
1543 1014 1593 1047 51,
1623 1015 1677 1046 19;
1718 1009 1795 1045 post
1835 1008 1966 1044 tempus

1450 1051 1502 1089 68,
1522 1050 1557 1090 83
1583 1052 1652 1091 vgl.
1672 1054 1747 1090 post
1765 1049 1967 1089 aliquantum

1452 1100 1583 1136 tempus
1608 1095 1661 1135 68,
1684 1102 1720 1135 15

1407 1152 1427 1182 1)
1438 1152 1457 1172 0
1468 1146 1502 1171 51
1512 1151 1528 1171 e
1538 1152 1557 1171 a
1581 1150 1679 1181 quam
1705 1138 1898 1180 (postquam
1923 1139 1966 1179 A)

1452 1190 1603 1226 correpta
1612 1184 1712 1215 fuerit
1725 1184 1771 1221 18,
1783 1193 1824 1222 24
1835 1194 1840 1220 ;
1851 1187 1969 1223 postea

1453 1241 1550 1271 quam
1560 1229 1715 1260 intumuit
1726 1237 1776 1270 54,
1787 1237 1838 1267 29;
1850 1232 1969 1268 postea

1454 1286 1551 1317 quam
1566 1274 1718 1314 confugit
1734 1281 1784 1315 55,
1804 1282 1814 1303 1
1831 1284 1836 1310 ;
1852 1276 1969 1313 postea

1453 1331 1550 1362 quam
1582 1320 1863 1350 condemnaverat
1884 1326 1934 1357 74,
1951 1326 1967 1357 7

1408 1381 1629 1418 postquam
1655 1375 1805 1416 pervenit
1830 1382 1884 1415 97,
1903 1383 1925 1412 4

1407 1433 1465 1464 ubi
1489 1432 1746 1473 potestates?
1773 1431 1824 1468 26,
1844 1439 1885 1460 22

1389 1487 1658 1520 ,incontaminati
1692 1492 1791 1528 atque
1823 1486 1968 1516 inmaeu-

1452 1534 1510 1565 lati
1536 1533 1628 1573 regni
1649 1531 1968 1572 praedicatores

1453 1579 1506 1619 61,
1520 1588 1573 1617 14;
1590 1577 1871 1617 fuitpraedicator
1881 1575 1968 1616 apud

1452 1625 1568 1654 Persas
1583 1623 1682 1653 etiam
1698 1621 1860 1652 Basilides
1869 1621 1968 1660 96,10

1408 1668 1650 1710 praedicare
1693 1681 1737 1691 Ξ
1784 1666 1967 1706 ,predigen‘

1453 1713 1588 1754 lzt‘z'ufig,
1628 1712 1723 1742 nl'clzl
1744 1726 1786 1735 Ξ
1823 1711 1969 1750 ‚werher-

1454 1764 1569 1799 sagea*

1409 1803 1539 1844 peccati
1564 1812 1646 1833 onus
1664 1812 1684 1841 p
1695 1811 1867 1840 raegrav
1878 1804 1944 1830 ato
1955 1810 1969 1829 5

1455 1848 1497 1879 ad
1561 1847 1797 1886 discipulatum
1851 1845 1970 1884 deligit

1455 1893 1508 1930 82,
1538 1902 1549 1923 1
1559 1899 1575 1930 7

1409 1948 1577 1979 ministros
1594 1948 1663 1978 eius
1678 1947 1759 1977 tales
1768 1946 1968 1976 adventuros

1454 1991 1767 2034 praenoscimus
1818 1997 1968 2031 59,13;

1456 2038 1633 2079 oportebat
1654 2047 1727 2067 eum
1741 2044 1971 2086 praenoscere

1456 2083 1513 2124 qui
1537 2087 1611 2112 sunt
1635 2080 1762 2122 proprii
1789 2079 1840 2120 78,
1860 2087 1901 2120 33

1409 2128 1503 2159 vocis
1543 2131 1688 2157 meatum
1728 2137 1749 2166 p
1758 2136 1773 2155 r
1782 2135 1825 2155 ae
1834 2135 1855 2165 p
1864 2135 1881 2155 e
1890 2124 1930 2154 di
1939 2123 1971 2153 ri

1412 2182 1632 2248 reriior9atione
1691 2225 1757 2246 non
1810 2224 1971 2255 prospera

1457 2265 1728 2303 praesagatus
1776 2257 1970 2301 (praesagus

1456 2308 1593 2349 «4195

1413 2357 1481 2383 erat
1505 2351 1644 2382 multum
1663 2349 1858 2390 praescia
1883 2346 1971 2389 (pre-

1458 2397 1502 2428 tie
1548 2396 1574 2427 C
1603 2394 1765 2436 pecuniae
1796 2393 1893 2424 avida
1925 2392 1971 2434 F)

1458 2452 1511 2482 92,
1534 2451 1571 2481 19

1413 2487 1721 2528 praescriptum
1769 2488 1819 2514 est
1859 2483 1900 2513 de
1940 2487 1971 2512 te

1460 2540 1516 2573 59,
1544 2541 1578 2571 2,
1619 2531 1711 2561 Iesus
1750 2527 1972 2570 praescriptus

1459 2581 1508 2607 est
1532 2575 1706 2607 crucifixus
1731 2573 1843 2614 85,12

1414 2633 1453 2652 ea
1489 2621 1586 2652 certis
1617 2616 1970 2660 praescriptioni-

1458 2667 1530 2697 bus
1556 2664 1730 2696 excludam
1757 2671 1809 2702 30,
1828 2661 1870 2692 26

1415 2711 1566 2742 caelestis
1589 2710 1675 2749 regis
1693 2705 1971 2748 praesentiam

1459 2765 1624 2796 exponere
1639 2755 1758 2792 6127;
1778 2751 1971 2781 defecerunt

1459 2801 1492 2830 in
1509 2797 1653 2830 aflventu
1670 2795 1876 2838 praesentiae
1903 2794 1972 2824 eius

1462 2855 1518 2885 74,
1549 2853 1604 2884 Ι3;
1651 2840 1873 2883 praesentiam
1922 2838 1972 2869 sui

1458 2891 1575 2920 Manes
1593 2887 1729 2919 exhibet
1753 2885 1841 2926 apud
1858 2894 1971 2924 regem

1459 2943 1512 2975 93,
1538 2943 1575 2964 21
