2164 3406
835 158 929 192 Acta
955 156 1124 191 Archelai
1148 157 1225 192 XV.
1870 164 1919 201 03

172 282 403 324 suggerens
436 271 476 310 et
505 271 799 323 temptationes
831 273 871 310 et
902 270 1274 323 concupiscentias.
1326 268 1407 310 Sed
1440 273 1479 310 et
1510 271 1795 311 devoratorem
1828 286 1920 311 vum

173 336 389 390 sanguinis
421 339 461 376 et
482 337 617 377 carnis
648 338 888 386 ostendunt3
921 350 1025 390 quae
1048 336 1187 377 omnia
1215 337 1267 376 ad
1286 337 1424 388 ipsum
1445 336 1657 389 pertinent
1679 336 1858 377 Satanan
1882 341 1921 377 et

172 404 223 442 ad
245 403 470 456 prophetas
500 403 598 453 eius,
630 417 736 456 quae
757 403 1053 444 transformare
1074 403 1208 444 voluit
1229 402 1270 442 in
1302 404 1462 455 patrem
1484 401 1639 442 Christi
1671 406 1711 443 et
1741 402 1920 444 scribere

172 483 305 522 pauca
336 471 540 523 quaedam
571 483 685 520 vera,
715 472 762 510 ut
791 484 865 523 per
894 470 997 510 haec
1029 469 1153 509 etiam
1185 472 1337 520 cetera,
1369 482 1477 522 quae
1509 471 1605 510 sunt
1635 468 1751 519 falsa,
1782 471 1920 510 crede-

127 543 147 577 5
172 538 325 576 rentur.
383 534 506 577 Unde
548 536 705 576 bonum
744 537 863 578 vobis
895 538 956 577 est
993 550 1041 576 ex
1073 534 1266 577 omnibus
1309 549 1416 588 quae
1447 549 1579 589 usque
1612 537 1663 575 ad
1693 534 1918 576 Iohannem

174 602 330 655 scripta
360 604 457 643 sunt
486 602 591 643 nihil
622 602 792 644 omnino
824 602 1049 655 suscipere,
1093 617 1117 643 a
1160 602 1306 643 diebus
1336 615 1434 642 vero
1467 602 1554 642 eius
1587 600 1919 655 euangelizatum

172 681 349 723 regnum
381 667 593 709 caelorum
623 668 760 710 solum
791 668 1004 722 amplecti;
1035 671 1166 709 semet
1185 668 1299 721 ipsos
1331 669 1439 709 enim
1470 668 1713 719 inriserunt,
1744 666 1919 708 ridicula

174 736 214 774 et
243 733 405 776 ludicra
433 735 763 785 introducentes,
800 735 961 788 exiguis
1000 736 1250 789 quibusdam
1287 734 1423 775 verbis
1453 734 1497 774 in
1526 734 1619 787 lege
1650 733 1918 784 adumbratis,

172 800 416 854 ignorantes
448 801 547 854 quia
567 801 700 852 malis,
732 802 766 843 si
786 802 1091 842 admisceantur
1120 800 1239 848 bona,
1270 799 1476 841 malorum
1499 801 1764 853 corruptione
1796 800 1918 841 etiam

105 875 149 909 10
176 880 283 920 quae
313 867 423 908 bona
453 870 549 908 sunt
580 867 916 909 exterminantur.
975 867 1032 907 Et
1063 868 1097 908 si
1129 867 1297 920 quidem
1330 869 1392 907 est
1423 866 1659 919 quisquam,
1693 867 1765 920 qui
1786 866 1920 919 possit
1975 881 1983 892 ·

176 935 394 974 ostendere
424 933 561 988 legem
591 934 694 975 recti
729 937 918 974 tenacem
950 948 1056 983 esse,
1093 932 1214 973 debet
1250 933 1467 975 custodiri:
1504 932 1567 973 sin
1598 936 1737 973 autem
1767 932 1919 973 malam

178 1001 407 1051 ostendero,
438 999 715 1041 interimenda
747 1003 809 1041 est
839 1002 879 1040 et
900 999 1127 1049 abicienda,
1160 999 1313 1052 quippe
1348 1013 1452 1052 quae
1475 1000 1622 1041 mortis
1644 999 1920 1040 ministerium

176 1066 363 1107 continet
399 1066 686 1118 informatum,
730 1080 835 1120 quae
879 1065 1018 1106 vultus
1050 1065 1188 1118 Moysi
1220 1065 1395 1118 gloriam
1435 1068 1659 1119 contegens
1704 1065 1918 1106 destruxit.

175 1130 275 1172 Non
306 1135 368 1173 est
396 1132 527 1186 igitur
557 1133 644 1174 sine
675 1133 860 1186 periculo
893 1133 1088 1185 cuiquam
1113 1134 1297 1172 vestrum
1325 1132 1480 1184 pariter
1511 1146 1602 1172 cum
1634 1131 1727 1186 lege
1758 1134 1798 1172 et
1827 1146 1920 1184 pro-

106 1207 149 1241 15
174 1197 312 1250 phetis
342 1213 497 1239 novum
528 1199 752 1253 adiungere
783 1202 1088 1248 testamentum,
1119 1201 1334 1251 tamquam
1364 1198 1486 1238 unius
1509 1198 1592 1238 sint
1617 1201 1794 1251 utraque
1825 1199 1920 1238 doc-

174 1264 294 1315 toris,
338 1264 492 1318 quippe
530 1280 624 1306 cum
660 1269 881 1307 renovetur
911 1267 960 1306 de
992 1265 1057 1306 die
1087 1264 1130 1304 in
1160 1264 1270 1304 diem
1300 1263 1519 1305 salvatoris
1562 1264 1694 1305 nostri
1730 1263 1919 1313 eruditio,

173 1330 248 1371 illa
277 1346 375 1372 vero
406 1334 668 1373 veterascens
699 1334 739 1372 et
769 1346 985 1373 senescens
1015 1345 1145 1384 prope
1177 1330 1466 1371 exterminium
1498 1330 1580 1372 fiet.
1638 1330 1760 1379 Quod
1789 1330 1919 1371 mani-

174 1397 328 1438 festum
360 1401 421 1439 est
450 1398 514 1438 his
546 1398 618 1452 qui
651 1397 945 1439 discretionem
975 1397 1127 1438 habere
1156 1398 1348 1449 possunt,
1382 1397 1479 1450 quia
1506 1396 1612 1438 sicut
1643 1397 1802 1439 arboris
1825 1411 1918 1438 cum

173 1464 386 1505 senuerint
415 1464 518 1505 rami
549 1464 615 1506 vel
644 1467 814 1506 truncus
835 1464 1017 1505 fructum
1038 1463 1148 1504 ultra
1180 1477 1263 1504 non
1285 1462 1431 1513 adfert,
1463 1465 1534 1504 sed
1565 1463 1846 1513 absciduntur,
1879 1466 1919 1504 et

103 1538 147 1573 20
171 1532 358 1572 membra
390 1545 621 1584 corporum,
654 1545 747 1571 cum
771 1533 966 1583 corrupta
985 1529 1151 1579 fuerint,
1183 1532 1467 1583 amputantur3
1499 1529 1776 1583 corruptionis
1808 1529 1917 1570 enim

169 1596 283 1637 virus
315 1611 364 1638 ex
392 1597 590 1638 membris
620 1611 694 1650 per
723 1610 845 1638 omne
876 1611 1026 1650 corpus
1056 1596 1301 1645 infunditur,
1334 1598 1374 1636 et
1403 1594 1483 1635 nisi
1505 1595 1676 1636 artificis
1698 1595 1917 1649 diligentia

168 1663 398 1704 remedium
428 1663 597 1705 morbus
618 1662 835 1717 acceperit,
865 1676 1015 1716 corpus
1038 1676 1158 1703 omne
1179 1661 1369 1710 vitiatur,
1400 1661 1459 1701 ita
1481 1673 1579 1714 ergo
1602 1664 1642 1701 et
1670 1661 1916 1714 recipientes

168 1729 316 1783 legem,
346 1729 426 1770 nisi
458 1729 711 1783 agnoveritis
736 1729 854 1770 cuius
877 1729 942 1779 sit,
971 1728 1130 1769 animas
1163 1743 1257 1769 cum
1287 1727 1422 1768 salute
1454 1728 1648 1780 perdetis
1697 1731 1781 1768 Lex
1812 1730 1914 1768 enim

169 1802 203 1836 et
226 1800 434 1848 prophetae
463 1811 588 1848 usque
617 1799 667 1836 ad
695 1798 913 1836 Iohannem
942 1798 1182 1847 Bapffz'stam,
1214 1810 1237 1835 a
1267 1794 1451 1835 Iohanne
1482 1808 1579 1834 vero
1616 1793 1682 1834 lex
1719 1793 1915 1843 veritatis,

102 1869 144 1904 25
168 1860 235 1902 lex
265 1862 609 1915 promissionum,
639 1862 707 1903 lex
737 1861 966 1911 caelorum,
1001 1862 1069 1902 lex
1106 1861 1377 1901 adnuntiatur
1412 1860 1596 1900 humano
1629 1860 1770 1913 generi
1798 1873 1916 1900 nova.

168 1928 225 1970 Et
255 1929 426 1983 quidem
458 1931 588 1970 donec
619 1942 702 1969 non
733 1931 821 1969 erat
851 1928 923 1982 qui
952 1927 1211 1968 verissimam
1242 1927 1458 1968 scientiam
1480 1926 1639 1967 domini
1668 1927 1802 1967 nostri
1821 1925 1914 1967 Iesu

171 1994 327 2036 Christi
356 1995 477 2036 vobis
509 1997 757 2046 ostenderet,
788 1997 1007 2048 peccatum
1031 2009 1115 2035 non
1135 1994 1371 2034 habebatis:
1401 2007 1512 2033 nunc
1534 1995 1673 2033 autem
1704 1995 1743 2033 et
1769 1991 1917 2032 videtis

172 2064 214 2102 et
256 2060 410 2102 auditis
453 2064 494 2101 et
534 2061 577 2101 in
618 2061 774 2101 infitias
824 2061 884 2102 ire
919 2060 1061 2110 vultis,
1104 2063 1151 2100 ut
1193 2059 1331 2113 legem
1374 2074 1480 2113 quae
1524 2061 1734 2100 destructa
1778 2061 1839 2100 est
1879 2061 1919 2098 et

171 2126 329 2176 relicta,
360 2128 468 2168 sicut
499 2126 666 2178 Paulus,
698 2128 771 2180 qui
801 2129 910 2180 apud
940 2141 1013 2167 vos
1037 2125 1357 2180 probatissimus
1378 2127 1565 2174 habetur,
1596 2125 1654 2165 ait
1673 2125 1713 2165 in
1739 2125 1917 2177 quadam

99 2199 146 2234 30
172 2193 351 2247 epistula
381 2208 456 2235 sua
501 2195 581 2234 hoc
622 2195 764 2235 modo:
814 2196 860 2235 Sa·
900 2196 1006 2234 enim
1048 2208 1147 2245 quae
1176 2195 1368 2241 desiranti,
1412 2195 1502 2231 haee
1534 2195 1674 2231 iterum
1704 2193 1917 2242 reaedifico,

284 2293 602 2335 12HK0r.3,7—
615 2292 891 2334 1611x0r.4‚1‹;;
906 2312 948 2316 -
966 2292 1010 2327 17
1029 2291 1229 2333 Hebr.8‚13
1243 2311 1285 2315 —
1301 2290 1352 2326 23
1374 2290 1463 2324 Luk.
1481 2291 1531 2332 16,
1548 2291 1590 2324 ie
1604 2310 1645 2313 —
1669 2290 1720 2324 30
1736 2289 1815 2324 eal.
1830 2289 1861 2332 2,
1878 2289 1919 2323 is

288 2371 361 2406 GM

287 2439 306 2473 1
336 2450 417 2473 eum
442 2439 535 2473 nach
561 2439 758 2474 ostendunt
782 2439 827 2472 M
845 2439 908 2473 der
934 2438 1107 2480 riehtzssssen
1137 2437 1241 2471 Siclle
1265 2438 1377 2471 durch
1408 2436 1546 2470 Striehc
1570 2436 1789 2479 suffen-{esen
1814 2435 1858 2468 Μ
1864 2437 1876 2458 2

173 2494 195 2528 2
224 2494 355 2539 ipsum]
381 2506 462 2529 eum
493 2495 522 2531 O
540 2496 544 2539 Ι
567 2495 613 2530 ad
638 2502 681 2533 <
706 2495 751 2529 M
768 2497 771 2538 Ι
801 2496 824 2530 4
849 2507 937 2530 uera
962 2494 1117 2538 quedam
1143 2493 1187 2527 Μ
1207 2507 1252 2524 cx>
1278 2493 1322 2527 Μ
1329 2496 1341 2517 2
1362 2495 1366 2537 l
1389 2494 1509 2528 cetera
1535 2492 1646 2526 etiam
1671 2491 1716 2525 Μ
1738 2492 1742 2535 Ι
1766 2491 1788 2527 5
1815 2491 1919 2525 nobis

178 2550 208 2585 G
237 2551 241 2594 Ι
275 2551 333 2592 617
362 2562 514 2596 regnum
540 2552 723 2586 caelorum
751 2551 1044 2596 euangelizatum
1062 2550 1107 2584 Μ
1134 2551 1138 2594 l
1173 2551 1196 2585 S
1222 2549 1354 2593 verbis]
1379 2549 1467 2583 uiris
1493 2549 1538 2582 M
1555 2548 1651 2582 ueris
1668 2548 1825 2581 Zittm'tz
1856 2549 1861 2589 Ι
1894 2548 1918 2582 9

171 2606 431 2641 ammiscentur
444 2607 489 2641 Μ
505 2609 508 2651 Ι
532 2608 579 2643 11
609 2608 637 2642 si
651 2607 695 2641 M
712 2609 716 2651 l
739 2608 788 2643 12
817 2606 1021 2650 ostendero]
1047 2616 1123 2639 esse
1150 2604 1350 2639 ostenderit
1363 2605 1408 2638 Μ
1435 2606 1438 2648 Ῑ
1472 2603 1749 2639 inteimittenda
1764 2603 1808 2636 Μ
1835 2603 1839 2645 Ι
1871 2603 1919 2637 13

172 2673 298 2707 mosey
323 2662 368 2696 ju
395 2663 399 2706 l
437 2664 556 2708 gloria
580 2664 651 2706 Ml
681 2664 730 2699 16
756 2665 908 2699 renouet
937 2663 988 2707 Ol
1020 2662 1066 2697 17
1095 2663 1136 2696 fit
1160 2661 1230 2704 llll
1262 2660 1311 2696 18
1337 2661 1430 2695 mtelz
1455 2661 1548 2695 sicut
1573 2664 1614 2700 —†—
1640 2659 1668 2694 si
1682 2659 1747 2703 illl
1776 2659 1920 2693 arbores

170 2717 215 2751 M
246 2719 250 2760 l
298 2719 347 2753 19
374 2718 533 2754 afferunt
557 2719 602 2753 M
640 2721 644 2763 Ι
692 2720 741 2755 21
770 2719 966 2754 effunditur
990 2718 1035 2752 M
1072 2719 1078 2762 l
1123 2718 1174 2753 ‘22
1201 2717 1362 2751 remedia
1388 2717 1433 2751 M
1469 2718 1473 2761 1
1520 2716 1571 2752 ‘23
1598 2716 1687 2750 nach
1715 2715 1854 2749 animas
1880 2719 1920 2754 -4-

167 2773 306 2818 pariter
323 2774 368 2808 M
391 2775 394 2817 Ι
427 2775 476 2810 25
494 2776 666 2820 humano]
688 2788 707 2810 0
733 2787 802 2810 aus
826 2775 837 2809 i
863 2787 954 2810 corr.
972 2775 1016 2808 M
1022 2777 1035 2798 2
1056 2775 1060 2818 1
1091 2774 1140 2809 26
1158 2775 1194 2808 et
1219 2773 1378 2817 quidem]
1404 2773 1571 2817 equidem
1594 2772 1623 2806 Ο
1657 2772 1660 2814 1
1697 2771 1811 2805 nostri
1829 2770 1919 2813 iesu]

166 2829 231 2863 ihu
254 2822 316 2874 :ffi
341 2829 386 2862 M
413 2830 418 2873 l
453 2831 504 2866 28
531 2831 678 2876 auditis]
705 2831 831 2866 odistis
856 2831 975 2865 Rozctlz
1000 2831 1066 2872 vfll·
1091 2831 1171 2865 Joh.
1187 2832 1239 2870 15,
1254 2831 1298 2864 24
1330 2830 1335 2872 Ι
1375 2829 1413 2862 in
1430 2828 1567 2862 infitias
1589 2827 1636 2869 (ci
1660 2827 1747 2860 iiber
1770 2827 1794 2859 fi
1821 2825 1920 2859 ither-

163 2885 295 2929 qeselz.)
323 2885 374 2919 ire
403 2886 433 2920 O
454 2886 493 2920 in
517 2887 700 2922 iniustitia
725 2888 823 2922 stare
839 2887 888 2930 M
915 2887 973 2921 die
992 2886 1098 2921 Stella
1122 2887 1170 2920 ist
1194 2884 1367 2919 mzsiclzer
1387 2886 1392 2928 l
1424 2887 1466 2918 ut
1480 2883 1613 2927 legem]
1641 2882 1821 2916 vl'ellez'eht
1837 2882 1916 2914 eine

169 2941 303 2985 falselze
335 2933 588 2985 Uber-semma,
614 2944 778 2987 Zacayni
800 2946 947 2987 erffl'e'omt
972 2942 1171 2977 observetis
1215 2942 1218 2985 Ι
1264 2941 1314 2976 30
1339 2940 1544 2975 reaedificio
1575 2940 1603 2973 C
1626 2939 1775 2973 aedifico
1802 2937 1845 2970 Μ

1950 275 1998 308 1⁴»

1949 541 1995 575 11

1949 1135 1997 1169 13

1948 1335 1997 1370 14

1945 1728 1993 1763 15

1946 1990 1995 2024 16
