2164 3406
238 169 313 207 124
450 165 636 196 interimere

280 276 323 306 M
328 283 335 315 )
363 284 414 315 30,
435 285 491 315 313
524 276 586 305 das
617 275 694 305 Fut.
728 285 796 305 nur

279 321 355 350 hier

235 365 472 395 interimere
528 364 631 395 debes
678 364 794 395 iudicii

279 410 442 440 rationem
470 417 520 450 52,
543 418 577 439 11

236 455 321 484 inter
345 454 553 485 Novatianos
585 458 616 484 et
640 454 794 484 Monten—

280 509 331 529 ses
362 499 428 529 hoc
464 497 666 529 interest*
705 499 794 539 quod

287 552 357 582 100,
387 552 402 585 5

238 588 461 619 introduco
486 598 510 618 s.
538 582 758 630 εἰσηγεοααι

235 643 376 663 aeonum
392 643 562 663 numerum
572 642 693 662 novum
707 633 794 663 visus

280 682 328 708 est
352 675 605 708 introferre*<
630 677 683 717 98,
702 685 741 718 25

234 732 298 763 quo
339 721 581 753 intromisso
635 722 795 762 templum

282 768 439 798 continuo
465 766 658 798 concideret
683 775 734 807 34,
758 776 796 805 14

233 810 453 842 intuemini
514 811 596 841 mihi
651 810 794 852 aliquem

279 856 448 887 volentem
497 857 687 887 thesaurum
730 857 795 897 sig-

280 912 357 932 nare
388 909 440 941 27,
472 911 524 937 113
562 901 630 942 vgl.
665 910 716 941 33,
735 909 792 942 25;

279 945 468 977 intuebatur
492 946 583 987 quod
601 956 641 976 ex
656 950 795 986 utroque

283 991 536 1022 concluderetur
549 990 602 1028 28,
617 1000 652 1030 9;
672 995 706 1021 ut
720 991 794 1021 sub-

280 1035 368 1066 tilius
382 1036 568 1066 intueantur
577 1046 793 1076 unumquem-

282 1091 344 1121 que
370 1090 557 1111 sermonem
583 1080 635 1120 98,
655 1081 675 1111 6

234 1124 319 1155 ferre
338 1135 403 1155 non
417 1125 505 1156 valet
522 1125 615 1165 regni
634 1125 716 1155 lucis
734 1124 793 1154 in-

279 1171 427 1200 tuitum
459 1179 512 1209 40,
543 1177 600 1208 27;
638 1169 794 1200 tenebrae

279 1225 319 1245 ex
332 1215 405 1246 luce
418 1219 626 1255 sumpserunt
640 1214 794 1244 intuitum

280 1269 332 1299 97,
357 1268 394 1299 13

235 1310 354 1344 postea
368 1314 464 1345 quam
474 1310 583 1334 uterus
597 1305 635 1334 in
645 1309 684 1335 tu
694 1304 794 1334 muit

286 1357 335 1390 54,
354 1358 396 1389 29

235 1393 427 1425 invicem:
452 1405 476 1424 s.
506 1394 719 1434 Reciprocum

234 1437 511 1469 inutilitatem
552 1438 699 1468 hominis
736 1438 792 1469 de-

286 1483 395 1524 signas
422 1492 473 1524 32,
496 1492 534 1523 13

237 1529 324 1559 absit
371 1533 407 1559 ut
453 1528 659 1559 declinemus
706 1527 793 1558 iota

278 1584 378 1604 unum
420 1577 475 1603 aut
522 1583 621 1624 unum
663 1572 792 1613 apicem

281 1618 392 1658 87‚32

235 1662 323 1703 ipse
352 1674 406 1693 nm
432 1663 596 1697 2oomal‚·
619 1672 644 1692 s.
671 1658 792 1701 αὐτὸς,

280 1704 425 1750 gattos),
451 1704 488 1748 ὁ;
515 1710 612 1751 ipsud
638 1709 740 1751 (ipsut
764 1710 794 1740 A

281 1755 388 1796 ipsum
413 1755 474 1793 M)
505 1755 553 1792 18,
572 1764 609 1785 21

236 1799 268 1829 is
293 1811 348 1830 um
373 1800 544 1840 675mal‚·
568 1810 592 1829 s.
613 1792 735 1836 αὐτός,
761 1794 792 1840 ὁ,
810 1794 812 1847 J

281 1855 406 1885 012'093
438 1845 473 1875 id
499 1852 557 1882 est,
589 1855 661 1874 vom
695 1824 794 1874 siber

280 1894 385 1920 setzer
421 1889 669 1930 eingescholaen,
699 1900 793 1918 zzem-

282 1935 347 1965 liclz
365 1935 498 1975 lziiufig2
525 1935 592 1965 hoc
616 1938 665 1964 est
680 1934 792 1974 fehlt;

271 1980 306 2019 f.
333 1980 439 2009 hii—
397 2001 439 2004 -
457 1980 479 2009 ii
504 1979 580 2009 und
600 1978 635 2008 hi
661 1989 686 2008 s.
707 1978 792 2008 Ein-
811 1999 812 2003 ,

282 2025 414 2065 leitung
439 2024 470 2055 S.
496 2023 591 2054 LIII

235 2068 315 2099 iste
340 2080 394 2099 mn
401 2063 813 2119 75mal35.8a1t01‘),

281 2110 318 2151 ὁ,
371 2107 496 2153 οὗτος,
546 2107 813 2153 01⁰1w3quia,

280 2158 335 2188 isti
385 2163 460 2189 sunt
515 2157 637 2189 fructus
687 2157 794 2188 malae

281 2202 370 2233 illius
406 2203 527 2234 radicis
565 2211 617 2243 30,
648 2211 702 2239 11;
741 2201 813 2232 isti·

281 2248 409 2288 prlores
441 2247 508 2278 diei
539 2247 711 2278 exordium
743 2257 794 2277 su-

280 2297 370 2323 mant
388 2301 440 2333 37,
457 2301 514 2332 333
535 2292 588 2322 dic
606 2291 689 2322 mihi
706 2291 794 2322 istud

280 2345 372 2378 45‚3
355 2346 388 2377 33
427 2337 561 2368 advenit
592 2336 726 2378 quidam
762 2332 813 2365 in

281 2382 398 2412 diebus
434 2381 504 2412 istis
539 2381 592 2422 64,
620 2390 673 2417 12,
711 2381 794 2411 haec

283 2433 332 2456 est
378 2426 440 2457 ista
488 2436 584 2467 quam
633 2425 795 2456 cernimus

281 2475 428 2501 creatura
444 2479 496 2510 97,
513 2479 550 2501 21
564 2482 571 2507 ς
597 2470 711 2510 scripsi
730 2470 794 2499 dis·
811 2496 813 2506 ‚

280 2515 487 2556 putationem
512 2515 609 2545 istam
634 2514 686 2555 98,
712 2514 750 2545 16

235 2560 293 2591 ita
320 2565 355 2591 ut
384 2569 413 2599 2,
428 2560 447 2590 6
466 2559 554 2601 (M);
581 2561 659 2590 sehr
677 2559 797 2599 lziiufig

234 2605 285 2635 his
311 2605 450 2646 itaque
474 2604 576 2645 gestis
602 2614 707 2642 2,11;
739 2604 813 2635 tri-.

280 2650 347 2680 duo
373 2649 482 2690 itaque
509 2653 626 2679 exacto
653 2658 681 2688 3,
705 2649 743 2680 16

236 2705 309 2725 cum
350 2694 429 2724 iter
470 2693 594 2724 faceret
630 2694 672 2724 ad
709 2694 794 2724 Mar-

281 2738 401 2769 cellum
428 2747 479 2779 79,
502 2748 512 2769 1

236 2783 402 2814 iterum:
430 2795 454 2814 s.
482 2780 593 2816 πάλιν

236 2838 351 2858 omnes
377 2828 715 2859 iustificationes

971 168 1056 198 Acta
1079 166 1234 198 Archelai

875 287 951 306 nem
976 276 1005 314 6,
1024 285 1081 310 20;
1113 276 1202 307 iuxta
1227 277 1389 307 rationem

874 321 1020 352 veritatis
1046 330 1170 361 29,10;
1196 322 1287 351 iuxta
1311 332 1389 352 con-

875 416 1017 441 terarum
1048 410 1100 450 98,
1120 420 1177 451 293
1209 411 1389 442 secundum

869 464 922 494 35
933 457 1005 486 mal

813 599 814 624 1
831 589 1057 621 K'oniunctiv:
1089 601 1114 620 s.
1148 589 1249 627 absit,
1288 600 1326 620 ac
1352 591 1388 627 si,

877 645 961 673 cum,
993 635 1082 673 dum,
1114 634 1184 672 etsi,
1216 634 1389 674 intercido,

876 679 965 718 licet,
983 690 1034 717 ne,
1060 689 1195 710 necesse
1213 683 1271 717 est,
1298 680 1388 717 nolo,

877 735 953 763 non,
968 724 1169 765 priusquam,
1178 734 1388 765 quamquam,

878 770 1042 810 quamvis,
1114 773 1388 809 quantacumque,

878 814 1161 856 quemadmodum
1170 813 1207 851 si,
1222 813 1287 854 qui,
1303 814 1389 854 quia,

878 859 1009 900 quippe,
1025 869 1100 900 quo,
1110 858 1211 899 quod,
1221 858 1388 899 quoniam,

877 905 914 942 si,
939 903 1031 942 sicut,
1050 908 1227 944 tamquam,
1245 908 1294 940 ut,

879 949 1081 989 Fmgesiitze

831 1082 1011 1124 praemittit
1049 1086 1256 1122 protectores

877 1127 972 1168 signa
1012 1127 1175 1158 dracones
1217 1128 1388 1158 labaros

876 1173 977 1203 duces
1002 1182 1083 1202 usw.
1111 1172 1163 1210 61,
1186 1180 1225 1202 10

831 1228 889 1248 eos
920 1216 1017 1247 dolus
1055 1221 1086 1247 et
1118 1215 1261 1257 lapsass

875 1261 980 1302 pietas
1006 1262 1132 1302 detegit
1156 1271 1208 1302 99,
1227 1271 1268 1301 23

828 1307 1001 1347 laqueus
1032 1322 1075 1332 =
1108 1305 1220 1349 παὶίς
1251 1283 1302 1343 ³‚6
1333 1315 1386 1346 17:

873 1348 1014 1396 βυὸκος
1040 1360 1068 1391 7
1087 1360 1130 1391 29

829 1396 1070 1437 largissimo
1101 1396 1223 1427 viatico
1248 1406 1387 1437 praepa-

874 1447 945 1472 rato
962 1451 993 1480 4,
1009 1442 1043 1476 6:
1070 1441 1257 1481 largissima
1274 1451 1386 1471 mune-

875 1497 910 1517 ra
927 1487 979 1523 66,
999 1495 1056 1526 29;
1082 1485 1290 1526 largissimae
1314 1485 1387 1516 viae

874 1532 981 1572 spatia
1007 1540 1058 1571 71,
1081 1539 1093 1561 1

829 1576 959 1607 latere
983 1586 1052 1606 nur
1075 1587 1115 1608 m,
1142 1577 1267 1607 Akkus.

832 1620 960 1652 facilius
986 1625 1018 1650 et
1042 1620 1202 1651 lautius
1228 1620 1290 1651 ista
1315 1631 1387 1651 nar-

876 1676 946 1696 rare
972 1664 1024 1704 87,
1044 1674 1084 1705 32

1295 1216 1388 1257 quasi

875 1754 984 1794 (lassis
1016 1754 1055 1793 C)
1082 1764 1111 1793 2,
1130 1763 1171 1785 22

831 1800 866 1830 fit
883 1800 916 1830 in
932 1799 1050 1830 litteris
1067 1799 1286 1839 legislatio
1301 1799 1354 1837 46,
1369 1808 1388 1838 9

811 1879 812 1908 1
830 1844 1056 1885 legislator
1072 1845 1141 1874 vult
1165 1855 1236 1875 esse
1255 1844 1386 1874 devine-

878 1895 946 1919 tum
971 1898 1025 1929 49,
1048 1898 1059 1920 1
1067 1890 1085 1919 6

811 1934 1000 1965 ¹audaciter
1031 1934 1239 1974 proclamant
1271 1944 1308 1964 ac
1339 1932 1388 1963 li-

875 1979 971 2009 bere
996 1988 1049 2019 99,
1072 1987 1108 2018 17

830 2034 895 2054 una
913 2033 986 2054 cum
1005 2023 1203 2063 coniugibus
1222 2033 1259 2053 ac
1284 2023 1389 2053 libe·
1406 2020 1407 2047 ἶ

1406 2067 1524 2098 'omne
1550 2066 1820 2098 masculinum
1846 2066 1986 2103 (mascu-

875 2069 929 2099 ris
955 2077 984 2106 2,
1007 2067 1060 2105 18;
1087 2078 1154 2098 nm·
1177 2068 1252 2098 lzier

829 2113 954 2144 heresis
985 2113 1026 2143 de
1058 2113 1267 2152 Pythagorae
1299 2112 1389 2143 fonte

874 2157 1058 2188 libaturss
1083 2167 1135 2198 99,
1157 2158 1175 2188 S

831 2202 933 2234 licet
972 2202 1037 2232 tale
1079 2202 1120 2232 sit
1159 2203 1388 2242 apostolorum

877 2257 981 2288 genus
1001 2256 1053 2288 79,
1072 2255 1126 2283 103
1144 2247 1223 2277 licet
1241 2246 1390 2288 frequen-

877 2291 940 2322 tius
981 2292 1212 2332 obiurgaretur
1250 2301 1303 2332 91,
1329 2299 1367 2322 21
1383 2301 1390 2331 ;

878 2336 1044 2377 fugientes
1067 2336 1147 2367 licet
1171 2345 1225 2376 93,
1244 2345 1284 2376 27

832 2392 914 2423 quae
975 2380 1132 2423 (animae)
1195 2380 1390 2421 corporibus

877 2425 1012 2456 fuissent
1050 2425 1239 2466 ligatae>¹<
1276 2424 1329 2465 98,
1348 2434 1389 2456 22

831 2471 1000 2502 furabatur
1022 2481 1061 2501 ea
1078 2481 1161 2511 quae
1178 2469 1392 2500 mittebantur

875 2516 908 2546 in
944 2515 1125 2546 loculum
1156 2513 1301 2556 (loculos
1331 2513 1390 2556 M)

877 2560 965 2602 54‚6

831 2615 871 2635 ne
903 2604 936 2635 in
966 2604 1276 2645 longitudinem
1307 2608 1389 2634 tem-

875 2649 966 2690 poris
987 2649 1178 2690 protraham
1195 2649 1390 2690 patientiam

874 2698 964 2725 tuam
990 2700 1018 2732 7,
1038 2702 1078 2735 25

831 2739 957 2779 longe
983 2738 1118 2769 differre
1148 2747 1201 2777 42,
1220 2747 1254 2779 33
1289 2737 1391 2779 longe

876 2784 919 2815 ab
959 2783 1040 2814 urbe
1082 2784 1228 2824 positum
1268 2783 1328 2822 64,
1353 2793 1373 2821 4

874 2828 975 2869 longe
993 2828 1123 2859 diversa
1136 2829 1190 2867 64,
1208 2836 1263 2869 15;
1282 2827 1391 2858 aliena

280 2873 364 2911 legis
388 2873 442 2911 48,
465 2882 504 2903 10

237 2917 350 2947 iuxta
380 2914 503 2958 (κατά)
540 2922 664 2948 rectam
695 2917 794 2948 ratio-

875 2873 977 2913 longe
1002 2877 1051 2903 est
1075 2873 1116 2903 ab
1142 2883 1182 2903 eo
1205 2873 1289 2904 haec
1314 2882 1389 2913 pro-

877 2917 992 2958 phetia
1018 2925 1069 2958 73,
1088 2925 1128 2958 25

875 367 1081 406 putationem
1107 366 1308 397 Graecarum
1338 366 1390 397 lit·
1407 392 1408 395 ,

1320 896 1409 944 ’θεῖ-1

1311 1092 1388 1113 SUOS
1406 1103 1407 1108 =

1633 166 1782 198 medium

1427 276 1686 308 circumdatione
1698 277 1848 308 ludific
1858 282 1895 308 at
1908 278 1960 316 60,
1965 287 1983 309 2

1407 309 1564 352 ludum
1588 322 1825 362 gladiatorium
1850 327 1919 353 erat
1936 323 1983 353 vi-

1471 367 1550 397 dere
1576 374 1627 408 35,
1647 374 1705 407 23:
1738 367 1771 397 in
1801 367 1888 398 ludis
1913 377 1985 398 sco-

1470 411 1593 442 laribus
1621 418 1673 452 54,
1695 421 1732 442 12

1426 456 1561 487 lumen
1578 471 1622 480 =
1641 458 1720 499 φῶς
1745 465 1797 494 20,
1816 465 1834 487 2

1425 500 1624 531 luminare
1648 516 1692 526 =
1718 501 1885 544 φωστὴρ;
1932 512 1984 533 ac-

1472 545 1578 576 censis
1601 545 1816 576 luminaribus
1841 547 1984 587 (lumini-

1471 591 1532 621 bus
1566 589 1613 631 C)
1640 590 1692 630 89,
1710 597 1750 629 27

1407 650 1408 675 3
1427 635 1496 665 lux
1514 650 1557 660 =
1575 636 1656 677 φῶς
1679 636 1797 665 immer
1812 646 1853 668 w.
1872 646 1898 667 e.
1917 637 1984 668 sch.

1428 768 1611 799 commixta
1627 769 1806 809 magicis
1817 768 1832 784 *
1859 769 1984 800 artibus

1475 813 1660 853 astrologia
1685 823 1737 854 99,
1756 824 1776 854 9

1426 858 1517 899 quod
1542 857 1735 898 intellegere
1755 858 1885 899 magis
1911 859 1985 899 dig-

1471 913 1548 933 num
1575 908 1624 933 est
1641 912 1693 943 29,
1710 912 1744 944 9;
1771 904 1985 934 nichtselten

1470 963 1513 972 Ξ
1538 947 1650 988 potius

1426 1003 1679 1033 magnopere
1705 991 1814 1035 (CM)
1846 992 1981 1035 (magno

1470 1047 1571 1078 opere
1595 1036 1638 1079 A)
1666 1044 1717 1076 71,
1740 1038 1778 1069 18

1424 1082 1660 1123 seripturarum
1696 1082 1816 1113 doctor
1857 1085 1983 1114 maxi-

831 1710 1015 1741 eervicibus
1029 1710 1215 1750 degravatis
1228 1720 1266 1740 ac
1280 1710 1388 1740 laxis
1405 1725 1407 1740 1

1470 1137 1554 1157 mus
1571 1127 1692 1157 Paulus
1710 1136 1828 1167 33,21;
1849 1134 1982 1169 aposto-

1468 1172 1575 1202 lorum
1600 1170 1762 1202 maximus
1787 1172 1907 1203 Paulus
1932 1182 1984 1213 71,

1474 1225 1527 1256 13;
1591 1216 1757 1247 Iohannes
1820 1218 1982 1248 maximus

1472 1260 1753 1301 euangelistarum
1767 1270 1830 1314 77
1854 1271 1893 1292 10

1406 1305 1703 1358 ¹malignus
1673 1321 1715 1323 —
1757 1301 1776 1338 ὁ
1817 1304 1982 1351 ποιηρὸς

1467 1350 1854 1390 24malsadject1viscl1
1876 1352 1987 1390 5mal

1423 1395 1623 1436 proficiebat
1646 1395 1679 1425 in
1704 1396 1823 1436 peius
1849 1405 1938 1437 54,4

1424 1440 1630 1470 manduco
1678 1439 1700 1470 6
1724 1441 1808 1472 mal:
1857 1452 1880 1471 s.
1929 1442 1981 1485 βι-

1469 1480 1643 1529 Quom,
1670 1481 1796 1522 ἐσθίω,
1823 1480 1980 1528 ἔφαγοις

1469 1509 1536 1570 vgl.
1571 1530 1731 1567 comedo;
1769 1541 1867 1565 ceno
1906 1531 1981 1569 edo,

1469 1573 1597 1615 prando
1612 1574 1738 1614 felzlen

1405 1619 1600 1662 ¹ostendere
1631 1630 1698 1649 non
1731 1630 1771 1650 ex
1796 1620 1894 1650 Mane
1920 1620 1983 1651 ori-

1470 1664 1581 1704 ginem
1592 1664 1669 1694 mali
1684 1664 1781 1695 huius
1796 1675 1827 1695 m
1837 1677 1854 1696 a
1866 1676 1884 1695 n
1892 1676 1911 1695 a
1919 1675 1932 1695 s
1942 1676 1956 1696 s
1967 1676 1984 1696 e

1470 1708 1568 1749 96‚7

1426 1755 1480 1795 qui
1539 1754 1829 1784 mansionibus
1882 1759 1980 1796 atque

1469 1797 1624 1838 hospitiis
1650 1804 1823 1839 praeerant
1844 1807 1871 1841 5,
1895 1808 1931 1839 17

1425 1848 1502 1884 post
1516 1842 1753 1873 dormitionem
1762 1845 1865 1875 sancti
1881 1855 1912 1874 m
1921 1855 1939 1875 a
1947 1855 1980 1875 r-

1471 1887 1599 1928 tyris*
1625 1888 1782 1928 Cypriani
1807 1898 1859 1928 99,
1878 1889 1898 1918 6

1426 1932 1607 1963 maribus
1644 1931 1814 1973 (masculis
1850 1934 1894 1974 A)
1937 1933 1982 1964 fe-

1471 1977 1559 2008 mina
1589 1977 1727 2017 adparet
1762 1987 1809 2016 14,
1832 1987 1884 2020 153
1918 1989 1986 2009 nur

1471 2023 1546 2053 hier

1470 2113 1577 2143 lorum
1595 2113 1639 2154 A)
1658 2111 1757 2153 periit
1777 2120 1827 2153 75,
1847 2122 1898 2153 13:
1918 2123 1985 2143 nur

1471 2158 1545 2187 hier

1427 2201 1597 2233 devinctus
1660 2202 1746 2232 intra
1810 2212 1981 2232 massam

1472 2245 1623 2291 (βῶλον)
1653 2256 1702 2287 19,
1720 2254 1773 2286 173
1801 2252 1874 2277 sunt
1891 2247 1986 2277 unius

1471 2302 1600 2322 massae
1659 2301 1774 2322 omnes
1832 2291 1985 2322 homines

1472 2345 1524 2376 30⁷
1551 2344 1592 2377 25

1426 2380 1518 2411 vocis
1533 2385 1708 2411 meatum
1724 2380 1912 2420 praepediri
1927 2389 1984 2421 3,9

1427 2426 1629 2456 medietas
1656 2433 1707 2464 37,
1728 2432 1754 2465 5.
1773 2432 1802 2463 7.
1822 2433 1860 2466 35

1428 2481 1494 2501 non
1519 2469 1734 2500 mediocre
1761 2468 1986 2510 (mediocriter

1480 2514 1518 2556 C)
1566 2514 1626 2545 tibi
1667 2524 1739 2544 esse
1786 2513 1818 2543 in
1865 2513 1985 2544 talibus

1473 2558 1618 2590 studium
1645 2558 1696 2594 66,
1715 2565 1756 2599 25

1428 2604 1516 2635 circa
1539 2602 1713 2634 medium
1739 2602 1845 2633 noctis
1871 2612 1900 2641 2,
1927 2611 1984 2638 21;

1475 2648 1560 2679 inter
1584 2647 1733 2678 medium
1759 2648 1836 2677 novi
1862 2647 1985 2678 saeculi

1475 2702 1527 2731 21,
1548 2702 1607 2732 24;
1633 2692 1781 2722 medium
1808 2691 1890 2722 caeli
1915 2691 1985 2722 axis

1472 2736 1564 2779 (axes
1591 2735 1681 2778 CM)
1707 2746 1838 2776 semper
1861 2736 1986 2767 tenebit

1474 2791 1526 2822 37,
1541 2782 1597 2819 26,
1617 2782 1692 2811 und
1706 2791 1741 2811 so
1756 2779 1891 2821 hz‘z'zfig;
1910 2791 1984 2811 cum

1473 2827 1621 2857 medium
1636 2826 1687 2857 sol
1704 2827 1843 2856 tenuerit
1855 2825 1984 2856 caelum

1473 2871 1525 2910 38,
1547 2880 1579 2909 13
1605 2872 1659 2902 als
1675 2869 1757 2910 Adj.
1776 2880 1844 2900 nur
1859 2871 1932 2900 hier
1949 2871 1984 2900 in

1472 2916 1595 2946 diesem
1622 2915 1707 2946 Sinn
