2164 3406
199 172 221 210 2
228 173 250 209 4
941 159 1186 205 Hegemonius

198 291 453 330 unoquoque
484 278 665 316 vestrum
696 273 897 314 abiciatur
932 286 1038 313 vana
1068 269 1349 324 praesumptio
1395 271 1435 308 et
1476 282 1523 308 ea
1553 281 1657 320 quae
1688 267 1877 308 dicentur
1907 281 1929 306 a

199 358 264 384 me
294 342 380 383 veri
410 356 548 382 amore
579 340 814 390 audiantur,
850 338 981 379 futuri
1011 336 1166 377 saeculi
1208 335 1498 384 hereditatem,
1541 332 1749 374 caelorum
1793 344 1929 385 regna,

202 409 382 462 capietis.
453 407 551 448 Sum
595 407 760 459 quidem
804 416 880 457 ego
921 402 1156 456 paracletus
1199 400 1271 454 qui
1312 400 1362 440 ab
1405 398 1499 439 Iesu
1545 398 1655 439 mitti
1695 397 1930 451 praedictus
1957 402 1982 436 3

201 489 309 525 sum,
339 476 390 513 ad
417 476 663 524 aryuemlwn
691 474 885 511 mundum
923 473 966 509 cle
996 474 1149 520 peceato
1180 474 1213 507 et
1242 469 1284 506 cle
1312 468 1458 506 iudicio
1489 471 1523 504 et
1550 467 1593 505 de
1621 467 1792 513 iustitia,
1825 463 1932 504 sicut

155 547 175 579 ὃ
202 543 242 580 et
273 539 343 593 qui
373 541 467 579 ante
495 553 561 578 me
590 537 739 578 missus
770 538 831 576 est
852 534 1007 575 Paulus
1037 550 1081 574 coc
1103 539 1216 585 parte
1245 535 1341 572 scire
1371 537 1405 571 et
1433 545 1477 571 6oe
1504 537 1612 581 parte
1634 533 1862 581 prophetare
1889 544 1931 569 se

202 606 321 654 dixit,
362 604 464 645 mihi
499 616 711 644 reservans
754 602 867 654 quod
901 599 1131 652 perfectum
1169 599 1248 647 est,
1288 599 1334 636 ut
1370 596 1450 637 1100
1492 597 1604 649 quod
1645 610 1694 636 ex
1723 598 1840 648 parte
1872 599 1933 636 est

202 673 419 712 destruam.
489 668 674 710 Tertium
725 680 822 721 ergo
871 664 1156 706 testimonium
1206 661 1399 715 accipite,
1448 661 1683 714 apostolum
1730 676 1796 702 me
1846 676 1932 702 esse
1959 671 1983 705 4

203 735 357 777 Christi
388 735 582 783 electum,
625 737 665 774 et
706 733 740 774 si
781 732 909 772 vultis
938 745 1030 771 mea
1059 730 1185 770 verba
1214 728 1439 780 suscipere,
1478 727 1698 767 invenietis
1739 726 1932 771 salutem:

201 802 387 842 nolentes
419 803 555 841 autem
586 814 660 842 vos
691 801 882 839 aeternus
911 796 1023 849 ignis
1054 796 1269 836 absumere
1298 794 1434 833 habet.
1495 792 1612 833 Sicut
1642 792 1751 832 enim
1778 792 1933 844 Hyme-

135 878 177 911 10
202 881 328 908 naeus
359 869 399 907 et
428 866 665 906 Alexander
707 867 841 905 traditi
876 868 970 903 sunt
1002 864 1186 905 Satanae,
1227 866 1273 899 ut
1313 862 1499 899 discerent
1540 874 1620 899 non
1661 861 1932 909 blasplzenzarc,

201 934 260 973 ita
302 935 342 973 et
376 947 449 973 vos
489 945 630 972 omnes
659 943 887 983 poenarum
929 927 1109 980 principi
1149 925 1387 974 trademini,
1427 939 1502 977 pro
1545 939 1592 966 eo
1636 925 1747 977 quod
1788 938 1934 964 manus

203 998 406 1039 iniecistis
436 997 479 1037 in
509 999 668 1050 patrem
699 994 869 1045 Christi,
900 1008 993 1034 cum
1025 1007 1119 1032 eum
1149 991 1287 1032 dicitis
1318 1005 1484 1031 causam
1515 1004 1602 1030 esse
1633 989 1817 1030 omnium
1849 1004 1933 1029 ma-

202 1064 340 1105 lorum
374 1066 413 1103 et
442 1063 698 1103 Conditorem
720 1060 948 1100 iniustitiae
970 1062 1010 1099 et
1038 1059 1168 1099 totius
1198 1057 1428 1110 iniquitatis
1451 1059 1689 1105 creatorem,
1720 1070 1768 1095 ex
1790 1057 1934 1096 eodem

204 1130 317 1171 fonte
362 1128 525 1169 dulcem
556 1130 596 1168 et
627 1140 807 1166 amaram
849 1127 1123 1178 producentes
1165 1137 1332 1176 aquam;
1377 1124 1489 1175 quod
1528 1121 1618 1162 fieri
1648 1124 1719 1161 aut
1749 1121 1935 1173 intellegi

137 1204 179 1237 15
204 1196 318 1236 nulla
348 1196 507 1235 ratione
549 1192 748 1246 possibile
778 1194 850 1232 est.
909 1190 985 1232 Cui
1027 1190 1135 1230 enim
1165 1191 1328 1241 oportet
1357 1187 1494 1229 credi?
1534 1186 1745 1240 magistris
1787 1187 1934 1227 vestris

202 1261 309 1310 istis,
356 1260 425 1313 qui
469 1258 660 1300 carnibus
703 1260 925 1298 vescuntur
956 1259 995 1296 et
1023 1255 1332 1295 affluentissimis
1363 1253 1522 1294 deliciis
1551 1252 1835 1305 perfruuntur,
1866 1257 1934 1292 aut

205 1326 402 1367 salvatori
432 1326 524 1366 lesu
546 1324 709 1365 Christo
741 1323 905 1372 dicenti,
938 1322 1046 1363 sicut
1076 1321 1276 1374 scriptum
1308 1322 1369 1360 est
1397 1320 1440 1359 in
1471 1318 1780 1371 euangeliorum
1811 1318 1934 1359 libro:

204 1397 298 1433 Non
323 1394 582 1443 2101031091)ον
603 1393 701 1430 bona
723 1392 848 1429 malos
877 1391 1027 1439 fruetus
1055 1390 1191 1438 faeere,
1222 1401 1342 1438 ‘neque
1375 1388 1489 1425 arbor
1516 1387 1622 1424 mala
1642 1386 1763 1424 bonos
1782 1387 1936 1434 fruetus·

205 1461 359 1509 faeere?
420 1456 474 1497 Et
516 1457 598 1497 alio
640 1457 683 1496 in
723 1455 833 1504 1000,
875 1456 1034 1507 patrem
1077 1452 1232 1493 diaboli
1274 1454 1493 1491 mendaeem
1540 1457 1573 1489 et
1613 1452 1848 1489 homicidam
1891 1452 1936 1488 ab

138 1534 182 1568 20
206 1527 321 1563 initio
363 1538 451 1564 esse
494 1522 728 1570 confirmat;
769 1534 932 1560 rursum
975 1517 1224 1559 desiderium
1267 1517 1394 1558 fuisse
1442 1514 1624 1556 tenebris
1665 1517 1712 1555 ut
1746 1514 1937 1568 inseque-

206 1591 348 1629 rentur
378 1589 482 1629 illud
513 1589 624 1641 quod
661 1589 710 1627 de
739 1586 831 1626 luce
860 1584 980 1626 initio
1010 1584 1147 1624 fuerat
1174 1582 1383 1635 prolatum
1413 1582 1600 1629 verbum,
1643 1583 1684 1620 et
1723 1579 1936 1621 inimicum

207 1654 432 1705 hominem,
474 1653 725 1694 zizaniorum
767 1652 1058 1693 seminatorem
1100 1652 1140 1690 et
1179 1648 1411 1701 principem
1454 1646 1607 1687 saeculi
1642 1645 1786 1687 mundi
1815 1646 1936 1685 huius

208 1723 339 1770 deum,
372 1720 443 1773 qui
472 1719 687 1760 hominum
708 1721 867 1758 mentes
890 1718 1081 1758 excaecat
1102 1718 1148 1755 ut
1167 1729 1251 1755 non
1273 1713 1489 1767 euangelio
1519 1711 1671 1752 Christi
1692 1710 1936 1751 deserviant.

207 1785 350 1826 Bonus
393 1788 453 1825 est
494 1785 571 1825 iste
602 1786 711 1834 deus,
757 1784 828 1836 qui
869 1797 966 1824 suos
996 1782 1185 1823 homines
1227 1780 1379 1821 salvari
1419 1793 1501 1820 non
1543 1777 1658 1818 vult‘?
1715 1776 1780 1826 Et,
1808 1779 1855 1816 ut
1884 1790 1935 1815 ne

139 1862 183 1897 25
207 1851 339 1891 multa
385 1851 465 1891 alia
512 1850 723 1890 revolvam
774 1851 814 1888 et
855 1848 1037 1901 spatium
1077 1846 1277 1900 temporis
1320 1844 1522 1893 obteram,
1564 1857 1684 1884 verae
1726 1841 1936 1882 doctrinae

209 1916 399 1957 differens
441 1919 621 1968 tempus,
661 1916 763 1956 haec
800 1914 950 1955 dixisse
992 1913 1175 1955 sufficiat
1217 1915 1256 1953 et
1292 1913 1343 1951 ad
1373 1909 1634 1963 propositum
1663 1909 1845 1958 redeam,
1891 1910 1937 1947 ut

210 1984 476 2035 conpetenter
506 1983 721 2022 ostendam
751 1981 925 2021 istorum
957 1981 1177 2020 absurdam
1208 1993 1295 2019 esse
1327 1977 1575 2027 doctrinam,
1606 1988 1683 2015 nec
1713 1973 1935 2026 quicquan]

209 2050 284 2088 deo
316 2050 356 2088 et
380 2048 489 2100 patri
519 2047 677 2088 domini
701 2046 833 2087 nostri
862 2045 1078 2086 salvatoris
1099 2044 1428 2093 adscribendum⁷
1458 2043 1530 2082 sed
1548 2040 1755 2081 malorum
1775 2040 1936 2079 nostro-

207 2129 299 2154 rum
336 2128 502 2155 causam
539 2113 723 2165 accipere
755 2111 968 2152 Satanam:
1004 2111 1047 2150 in
1076 2110 1214 2163 ipsum
1245 2109 1394 2150 etenim
1425 2107 1679 2148 reiciendum
1716 2106 1793 2154 est,
1825 2105 1937 2157 quod

141 2189 184 2223 30
209 2179 347 2220 omnia
376 2179 664 2220 huiuscemodi
692 2177 803 2217 mala
833 2178 883 2217 ab
913 2176 1004 2230 ipso
1036 2178 1295 2229 generentur.
1356 2174 1436 2215 Sed
1478 2176 1517 2214 et
1548 2187 1595 2213 ea
1638 2185 1741 2225 quae
1771 2169 1813 2209 in
1842 2183 1936 2222 pro-

207 2245 343 2297 phetis
375 2247 415 2285 et
442 2243 534 2297 lege
566 2244 719 2296 scripta
760 2246 856 2284 sunt
896 2242 977 2295 ipsi
1007 2241 1277 2282 nihilominus
1308 2239 1579 2280 adscribenda
1609 2240 1720 2285 sunt;
1756 2235 1843 2288 ipse
1877 2237 1938 2275 est

211 2310 318 2350 enim
349 2310 419 2362 qui
448 2309 489 2349 in
519 2309 733 2362 prophetis
764 2311 864 2349 tunc
892 2308 1055 2350 locutus
1087 2311 1158 2357 est,
1188 2306 1386 2359 plurimas
1408 2305 1465 2346 eis
1496 2306 1546 2345 de
1576 2305 1652 2344 deo
1681 2300 1937 2355 ignorantias

321 2408 344 2442 4
371 2408 517 2450 Joh.16,
531 2409 552 2442 S
564 2428 606 2432 —
621 2408 643 2442 5
668 2408 684 2440 1
698 2408 781 2442 Kor.
797 2408 849 2449 13,
864 2408 884 2441 9
897 2426 939 2431 —
956 2407 1006 2441 10
1030 2406 1149 2439 ITim.
1166 2407 1194 2447 1,
1209 2405 1252 2438 22)
1267 2423 1310 2428 —
1326 2404 1374 2439 18
1400 2402 1531 2437 Matth.
1547 2402 1642 2444 218.
1680 2399 1770 2434 Luk.
1783 2400 1813 2440 6,
1826 2400 1870 2433 43
1895 2418 1937 2421 —

211 2464 258 2498 19
275 2464 353 2498 Joh.
369 2465 456 2505 5144
470 2484 511 2486 —
526 2463 577 2497 20
593 2464 655 2506 rql.
670 2463 902 2506 Joh.1‚1‹›—
917 2462 965 2496 21
983 2461 1115 2496 Matth.
1131 2462 1182 2503 13,
1199 2461 1242 2494 25
1255 2479 1297 2483 -
1317 2461 1366 2495 22
1382 2459 1415 2492 ΙΙ
1430 2459 1512 2493 Kor.
1526 2459 1587 2500 4‚4
1600 2477 1641 2481 -
1656 2456 1705 2491 23
1718 2456 1734 2488 I
1747 2454 1938 2494 Thess-affl

324 2552 395 2586 OM

322 2641 342 2675 1
382 2641 549 2675 dicuntur
574 2641 617 2674 M
655 2642 659 2684 Ι
704 2642 727 2675 3
763 2640 955 2686 praedictis
990 2640 1019 2674 O
1059 2641 1064 2684 Ι
1109 2640 1133 2674 4
1170 2640 1206 2673 et
1237 2638 1281 2672 de
1313 2637 1445 2671 iudicio
1470 2643 1513 2673 <
1543 2635 1571 2670 G
1612 2635 1616 2677 l
1660 2632 1835 2667 iniustitia
1866 2631 1894 2665 C

209 2697 231 2731 ἵ)
257 2708 300 2730 ex
324 2698 427 2740 parte
457 2697 546 2730 scire
572 2699 608 2730 et
630 2704 672 2734 <
697 2697 741 2730 M
772 2697 860 2731 scire
884 2707 951 2729 aus
978 2696 1067 2729 scise
1091 2706 1180 2728 corr.
1210 2694 1260 2728 02
1303 2693 1307 2736 Ι
1354 2693 1371 2727 7
1413 2691 1533 2736 accipe
1557 2690 1602 2725 M
1640 2692 1643 2732 1
1688 2689 1712 2724 9
1749 2688 1935 2722 absumere

208 2752 332 2795 habet]
365 2753 527 2786 absumet
552 2752 595 2785 M
634 2753 637 2794 Ι
679 2763 851 2794 ymeneus
876 2751 921 2784 M
959 2752 962 2794 1
1009 2751 1059 2786 10
1095 2750 1236 2784 discant
1267 2749 1311 2782 M
1351 2749 1354 2792 l
1401 2747 1449 2782 12
1487 2746 1638 2791 patrem]
1675 2746 1765 2778 trem
1791 2754 1824 2777 α.
1849 2742 1934 2776 Fas.

208 2820 251 2843 ‘nu
274 2819 299 2841 0.
325 2807 396 2842 solz.
421 2807 465 2841 M
503 2809 507 2850 Ι
554 2808 603 2842 10
627 2808 705 2841 istis
723 2814 765 2845 <
783 2808 826 2841 M
864 2807 868 2850 Ι
914 2805 1195 2840 affluentissimis
1219 2805 1263 2838 M
1303 2804 1307 2847 1
1354 2803 1400 2838 17
1435 2803 1510 2836 iesu
1535 2801 1667 2835 christo
1692 2812 1737 2830 Ν
1767 2799 1795 2833 O
1836 2800 1839 2841 1
1886 2798 1934 2832 18

210 2863 345 2896 fructus
368 2863 483 2897 malos
508 2863 552 2896 M
571 2877 615 2893 cx>
639 2863 702 2896 Μ2
743 2863 748 2906 1
795 2864 843 2897 19
871 2863 942 2896 alio
967 2862 1005 2896 in
1029 2875 1074 2892 cx>
1098 2861 1143 2895 M
1181 2862 1185 2904 Ι
1231 2860 1282 2894 23
1318 2858 1402 2903 non]
1434 2858 1472 2892 in
1501 2858 1530 2892 Ο
1570 2858 1574 2899 Ι
1620 2856 1668 2891 25
1700 2855 1817 2889 multa
1849 2852 1934 2895 alia]

210 2919 297 2951 talia
324 2918 367 2951 ,Π
406 2920 409 2961 l
456 2919 506 2954 28
532 2919 623 2951 vach
646 2919 761 2952 nostri
787 2923 827 2958 -1-
853 2920 889 2952 et
913 2918 956 2951 Μ
995 2918 999 2960 l
1045 2918 1095 2952 29
1121 2928 1228 2951 causa
1256 2915 1300 2948 M

1961 798 1984 832 Γ)

1961 1194 1983 1225 (3

1963 1453 1982 1487 0-1

1962 1779 1986 1814 8

1962 2174 1988 2207 9
