2164 3406
137 544 157 576 5

113 872 156 906 10

113 1206 154 1239 15

111 1533 154 1567 20

110 1866 152 1901 25

109 2196 153 2230 30

786 163 879 196 Acta
904 161 1074 196 Archelai
1099 162 1325 195 XV—XVlI.
1871 167 1921 205 27

185 276 318 315 factor
354 278 432 324 est,
476 277 546 315 sed
588 275 677 316 sola
715 274 872 315 malitia
908 289 982 314 sua
1012 273 1137 314 talem
1170 289 1262 314 eum
1294 274 1478 326 protulit.
1537 273 1614 314 Est
1643 275 1772 327 igitur
1804 275 1919 315 vobis

184 341 421 382 hominibus
464 342 704 383 commixtio
746 355 840 383 cum
883 340 1082 382 uxoribus
1125 341 1269 381 vestris
1307 342 1355 380 de
1387 340 1673 382 huiuscemodi
1703 342 1918 381 occasione

184 409 454 449 descendens:
505 422 599 448 cum
642 408 734 461 quis
772 409 954 447 vestrum
991 406 1185 448 carnibus
1220 406 1395 459 aliisque
1432 406 1535 446 cibis
1572 406 1696 447 fuerit
1736 407 1919 456 satiatus,

182 477 282 514 tunc
311 473 347 515 ei
377 474 736 527 concupiscentiae
774 473 963 515 oboritur
991 472 1195 524 incitatio,
1235 476 1274 514 et
1305 473 1361 513 ita
1393 472 1616 526 generandi
1653 472 1728 513 filii
1760 472 1918 513 fructus

182 542 373 593 augetur,
410 543 457 580 ut
492 555 577 582 non
613 554 661 581 ex
691 540 845 580 virtute
876 539 1016 592 aliqua
1046 554 1122 580 nec
1153 554 1201 580 ex
1232 539 1498 592 philosophia
1528 553 1604 579 nec
1641 553 1689 578 ex
1720 538 1801 579 alio
1832 538 1918 579 ullo

182 604 409 653 intellectu,
440 608 512 647 sed
543 621 591 647 ex
623 606 712 648 sola
743 606 931 647 ciborum
962 605 1152 646 satietate
1184 609 1224 646 et
1254 605 1427 646 libidine
1459 608 1499 646 et
1528 605 1815 647 fornicatione.
1866 604 1920 645 Et

182 674 391 725 quomodo
434 672 538 713 mihi
574 672 795 726 quisquam
834 671 942 713 dicet
978 672 1076 725 quia
1112 674 1163 711 ad
1194 671 1418 725 imaginem
1449 671 1513 712 dei
1545 671 1681 712 factus
1712 673 1774 711 est
1802 674 1921 723 pater

180 740 321 778 noster
341 737 478 778 Adam
509 741 548 779 et
578 741 630 779 ad
661 739 990 788 similitudinem,
1022 741 1062 778 et
1092 738 1240 779 similis
1271 741 1333 779 est
1363 738 1399 778 ei
1422 739 1493 791 qui
1523 738 1623 778 fecit
1655 740 1775 778 eum?
1809 736 1919 786 Quo-

181 806 306 845 modo
338 819 482 845 omnes
514 805 586 858 qui
617 820 664 846 ex
696 819 742 845 eo
764 805 951 859 generati
982 819 1123 845 sumus
1156 804 1311 845 similes
1343 804 1380 845 ei
1411 810 1580 845 sumus?
1607 803 1739 844 lmmo
1770 818 1867 845 vero
1899 819 1919 844 e

181 870 386 912 contrario
417 871 620 923 plurimae
652 871 772 912 nobis
803 873 899 912 sunt
928 871 1103 919 formae,
1141 870 1292 911 diversi
1333 870 1472 910 vultus
1512 870 1692 910 ferentes
1725 869 1919 922 effigiem.

180 935 302 985 Quod
332 951 456 990 quam
486 951 630 978 verum
660 938 714 977 sit
744 937 1038 977 demonstrabo
1069 936 1187 977 vobis
1218 936 1261 976 in
1290 935 1512 989 parabolis.
1570 935 1795 976 Intuemini
1816 936 1919 976 mihi

180 1002 363 1056 aliquem
393 1003 599 1044 volentem
630 1004 871 1044 thesaurum
901 1005 973 1043 aut
1003 1002 1162 1055 aliquid
1193 1001 1306 1043 aliud
1337 1002 1517 1055 signare,
1556 1005 1595 1042 et
1625 1004 1795 1054 accepta
1826 1016 1918 1042 cera

179 1068 244 1109 vel
284 1068 390 1119 luto,
433 1069 538 1110 velle
574 1069 714 1109 vultus
745 1069 809 1110 sui
839 1068 1102 1122 signaculum
1133 1070 1245 1122 quod
1288 1069 1409 1122 gerit,
1453 1068 1700 1121 exprimere:
1743 1069 1855 1121 quod
1886 1068 1920 1108 si

179 1133 284 1175 alius
315 1149 480 1188 quoque
512 1135 651 1176 vultus
683 1136 747 1176 sui
783 1135 962 1188 figuram
1005 1133 1196 1175 similiter
1233 1134 1496 1187 expresserit,
1539 1134 1743 1187 numquid
1785 1133 1919 1174 simile

179 1200 440 1254 signaculum
472 1201 714 1254 adparebit‘?
745 1201 1034 1254 Nequaquam,
1066 1201 1191 1241 etiam
1213 1202 1248 1241 si
1277 1215 1350 1242 vos
1372 1199 1514 1241 nolitis
1542 1202 1653 1253 quod
1684 1214 1828 1240 verum
1860 1203 1921 1240 est

180 1267 379 1309 confiteri.
438 1267 557 1316 Quod
600 1269 635 1309 si
675 1283 759 1309 non
796 1282 938 1309 sumus
974 1266 1129 1307 similes
1166 1266 1209 1307 in
1245 1266 1480 1320 signaculo,
1521 1268 1593 1307 sed
1635 1266 1767 1306 estin
1798 1266 1918 1307 nobis

180 1333 428 1385 differentia,
461 1335 670 1387 quomodo
701 1349 784 1375 non
814 1335 1014 1386 probatur
1042 1333 1279 1386 principum
1309 1348 1384 1374 nos
1416 1335 1455 1373 et
1484 1333 1681 1374 materiae
1713 1347 1801 1373 esse
1833 1332 1918 1373 fac-

179 1402 342 1441 turam?
374 1399 612 1441 Secundum
643 1400 752 1441 enim
781 1399 967 1453 ipsorum
997 1399 1175 1441 formam
1206 1402 1246 1439 et
1276 1398 1592 1440 similitudinem
1624 1401 1663 1439 et
1693 1398 1918 1451 imaginem

181 1465 305 1506 etiam
334 1481 409 1508 nos
441 1466 657 1507 existimus
688 1467 845 1507 formae
877 1466 1071 1507 diversae.
1121 1465 1240 1514 Quod
1262 1465 1297 1505 si
1328 1480 1418 1506 eam
1450 1480 1556 1518 quae
1587 1479 1636 1505 ex
1665 1464 1786 1506 initio
1808 1464 1919 1505 facta

181 1532 420 1573 commixtio
453 1535 514 1573 est
545 1535 584 1573 et
615 1532 794 1585 qualiter
823 1532 935 1572 facta
965 1531 1018 1572 sit
1047 1531 1174 1573 vultis
1205 1532 1428 1583 addiscere,
1459 1531 1629 1572 edicam.

288 1597 409 1638 XVII
438 1598 560 1651 (XV).
590 1598 764 1639 IUDICES
793 1611 1039 1639 DIXERUNT:
1072 1596 1170 1639 Non
1190 1598 1306 1651 prius
1329 1597 1542 1651 quaeritur
1563 1598 1773 1651 quomodo
1806 1597 1919 1638 facta

179 1664 233 1704 sit
260 1664 395 1717 prima
425 1665 678 1715 commixtio,
708 1665 788 1705 nisi
817 1666 932 1718 prius
963 1666 1082 1705 detur
1110 1664 1216 1705 ratio
1248 1665 1329 1705 duo
1361 1678 1449 1704 esse
1470 1663 1674 1716 principia
1702 1662 1917 1704 naturalia.

179 1729 283 1771 Cum
315 1730 423 1771 enim
455 1731 649 1772 claruerit
678 1733 760 1772 duo
792 1746 879 1772 esse
909 1730 1105 1784 ingenita,
1135 1733 1236 1771 tunc
1257 1730 1381 1770 etiam
1413 1729 1574 1783 reliqua
1595 1729 1721 1770 fidem
1743 1730 1917 1782 capient,

179 1796 304 1837 etiam
345 1797 380 1838 si
420 1812 515 1850 pars
557 1797 698 1850 aliqua
739 1813 823 1839 non
865 1796 1242 1837 accommodaverit
1285 1798 1524 1845 adsensum3
1564 1794 1777 1836 iudicandi
1807 1796 1917 1835 enim

177 1862 299 1903 nobis
328 1865 533 1915 potestate
562 1863 774 1916 permissa,
805 1863 988 1904 dicemus
1020 1864 1132 1916 quod
1162 1866 1328 1904 nostrae
1359 1862 1545 1916 opinioni
1571 1861 1776 1903 claruerit.
1834 1860 1916 1901 De—

177 1943 267 1970 mus
297 1932 437 1970 tamen
467 1932 507 1970 et
536 1929 742 1971 Archelao
774 1930 969 1982 episcopo
1002 1929 1167 1969 dicendi
1196 1928 1441 1970 facultatem
1476 1930 1527 1968 ad
1558 1929 1677 1979 haec,
1719 1930 1768 1968 ut
1810 1941 1916 1980 quae

177 1995 228 2035 ab
258 1997 436 2048 utroque
468 1995 578 2037 dicta
608 1995 763 2036 fuerint
793 1998 1082 2048 conparantes,
1116 2009 1192 2048 pro
1235 1994 1409 2035 veritate
1445 1994 1655 2047 possimus
1686 1994 1793 2034 ferre
1825 2008 1916 2034 sen-

176 2061 361 2102 tentiam.
418 2061 687 2102 ARCHELAUS
716 2074 860 2102 DIXIT:
900 2060 1082 2101 Tametsi
1117 2061 1299 2114 ingentis
1336 2061 1531 2101 audaciae
1563 2062 1603 2100 et
1631 2059 1916 2112 blasphemiae

177 2127 301 2179 plena
321 2130 381 2168 est
400 2127 577 2169 intentio
598 2127 834 2167 adversarii.
850 2151 899 2156 —
915 2130 1067 2168 MANES
1088 2139 1232 2168 DIXIT:
1255 2127 1423 2177 Audite,
1444 2126 1611 2176 iudices,
1635 2126 1736 2179 quid
1755 2125 1915 2175 dixerit,

176 2185 456 2234 ‘adversarii'P
504 2192 617 2247 Ergo
649 2195 753 2234 duae
790 2208 854 2233 res
885 2195 992 2234 sunt.
1050 2192 1319 2234 ARCHELAUS
1360 2205 1508 2234 Dixrr:
1551 2191 1741 2232 insaniae
1781 2191 1915 2244 magis

178 2272 303 2311 quam
331 2259 576 2312 prudentiae
606 2259 770 2299 videtur
798 2258 901 2299 mihi
920 2259 1069 2311 plenus
1098 2259 1188 2309 iste,
1221 2259 1293 2312 qui
1322 2259 1425 2299 mihi
1445 2258 1568 2299 hodie
1591 2257 1916 2299 controversiam

176 2327 324 2375 movet,
356 2325 453 2378 quia
484 2325 624 2366 dixero
654 2318 958 2374 ‘adversarius';
990 2324 1061 2366 sed
1090 2324 1228 2365 ablata
1258 2325 1336 2365 tibi
1367 2328 1428 2365 est
1457 2325 1500 2365 in
1531 2323 1695 2365 modico
1727 2337 1915 2365 sermone

295 2423 368 2458 OM

291 2502 314 2536 3
339 2501 542 2536 carnalibus
560 2502 589 2536 G
608 2503 612 2546 Ι
635 2502 657 2537 5
672 2513 716 2536 ex
732 2502 838 2545 (naeh-
851 2502 1081 2547 philosophia
1094 2502 1173 2541 nec)
1189 2509 1231 2540 <
1247 2502 1290 2535 Π
1311 2503 1316 2545 Ι
1345 2504 1367 2536 (ἰ
1384 2501 1556 2536 ›niellee'clzt
1571 2501 1653 2544 (sit)
1670 2500 1731 2534 sed
1753 2502 1757 2543 Ι
1789 2501 1806 2534 7
1826 2500 1916 2533 dicit

177 2557 222 2591 ΠΙ
237 2561 242 2600 Ι
265 2557 288 2592 8
312 2558 405 2591 nach
420 2558 600 2601 quomodo
619 2563 660 2597 -Ι-
674 2569 747 2592 non
761 2558 805 2592 M
821 2559 826 2601 Ι
850 2559 899 2593 10
917 2558 1019 2593 nobis
1034 2559 1127 2602 sunt]
1150 2561 1233 2592 sunt
1251 2557 1289 2592 in
1303 2558 1408 2593 nobis
1422 2558 1466 2592 M
1482 2559 1486 2601 Ι
1509 2556 1677 2601 effigiem]
1692 2567 1760 2590 aas
1775 2556 1915 2590 efficem

177 2613 259 2646 oder
276 2613 426 2647 efficiem
453 2625 542 2648 corr.
573 2614 622 2648 Οἳ
650 2615 653 2657 Ι
689 2615 736 2650 11
764 2614 913 2652 mihi<
931 2614 975 2647 ΠΙ
997 2615 1000 2657 Ι
1037 2615 1085 2649 12
1112 2615 1298 2649 nolentem
1315 2615 1366 2657 Cl
1389 2614 1489 2648 aliud
1505 2613 1605 2651 <M
1629 2614 1631 2656 Ι
1669 2613 1717 2647 13
1742 2611 1833 2645 nach
1861 2611 1916 2645 sui

179 2673 219 2708 -Ι-
234 2669 386 2713 figuram
400 2669 573 2713 Mspciter
586 2671 708 2714 yetilyt
736 2671 740 2713 Ι
770 2670 818 2705 15
833 2670 965 2705 noletis
979 2670 1024 2703 M
1045 2671 1049 2712 Ι
1080 2671 1128 2705 16
1142 2670 1181 2704 in
1195 2671 1298 2713 <nach
1314 2670 1463 2713 similes)
1479 2676 1521 2707 <
1536 2669 1580 2702 M
1602 2671 1605 2710 Ι
1636 2669 1681 2703 17
1700 2667 1916 2712 principium

177 2724 222 2757 Π
253 2725 258 2768 Ι
289 2725 443 2759 materia
456 2725 500 2758 M
527 2727 531 2766 Ι
563 2725 721 2760 facturos
736 2726 781 2759 M
807 2730 812 2769 Ι
848 2726 896 2761 19
922 2727 1014 2769 eam]
1044 2726 1154 2760 etiam
1180 2726 1225 2759 M
1252 2728 1256 2769 Ι
1289 2726 1340 2761 20
1374 2724 1596 2768 commixtio]
1623 2723 1817 2758 commotio
1843 2723 1887 2756 Μ
1912 2722 1915 2765 Ι

177 2778 295 2813 dicam
309 2780 354 2813 J]
369 2781 373 2824 Ι
401 2781 449 2815 21
470 2781 652 2826 dixerunt]
674 2794 742 2816 aus
768 2782 860 2816 dixit
877 2793 968 2816 corr.
991 2783 1041 2816 02
1074 2783 1077 2825 Ι
1110 2782 1159 2817 22
1187 2782 1381 2816 commotio
1396 2781 1441 2814 Μ
1467 2782 1471 2824 Ι
1506 2781 1556 2815 23
1571 2779 1724 2814 duorum
1738 2778 1783 2812 ill
1809 2780 1813 2821 Ι
1846 2778 1916 2812 fide

177 2835 340 2879 capiente
356 2835 497 2881 reliqua
510 2837 555 2870 M
573 2849 663 2872 corr.
678 2838 723 2872 M
728 2840 741 2862 2
774 2839 777 2882 Ι
817 2839 868 2873 24
882 2838 1017 2882 aliqua]
1039 2838 1156 2872 altera
1170 2838 1214 2871 M
1236 2840 1239 2877 Ι
1278 2836 1581 2871 accomodariffll
1609 2836 1613 2878 Ι
1655 2835 1704 2870 25
1720 2834 1869 2868 dicimus
1889 2834 1920 2867 Ο

177 2892 179 2926 Ι
222 2890 472 2935 quodcumque
497 2893 542 2926 M
583 2894 586 2935 Ι
640 2894 690 2929 26
720 2894 885 2939 episcopo
911 2901 954 2931 <
984 2894 1012 2928 0
1056 2895 1061 2936 Ι
1110 2893 1156 2927 ad
1186 2894 1276 2927 haec
1300 2892 1515 2927 facultatem
1540 2892 1585 2925 M
1626 2891 1631 2931 Ι
1681 2890 1730 2925 28
1757 2889 1913 2933 tametsi]

176 2948 252 2980 tam
277 2945 322 2979 ill
360 2947 364 2989 Ι
409 2947 460 2982 30
497 2948 723 2983 aduersarius
748 2949 791 2982 M
831 2952 835 2993 Ι
880 2949 930 2984 32
957 2948 1156 2983 aduersarii
1181 2949 1344 2992 Zaeccfsozc'
1385 2949 1389 2991 Ι
1435 2948 1557 2982 ablata
1586 2946 1668 2991 tibi]
1699 2945 1851 2979 ablatiui
1876 2945 1921 2978 JI

1949 282 1964 315 ἲ

1944 942 1967 973 ss

1947 1269 1996 1303 10

1943 1864 1964 1898 10
