2164 3406
139 868 180 902 10

137 1202 179 1235 15

139 1557 157 1564 .-

139 1863 182 1898 25

776 161 868 194 Acta
894 160 1061 194 Archelai
1085 161 1209 195 LXIII.
1238 162 1360 196 LXIV.
1886 168 1935 206 9ὓ

1915 188 1937 207 ν)

206 272 325 314 bonis
355 271 434 313 Sibi
465 271 672 312 derelictis
703 270 894 312 omnibus
926 271 986 312 uti
1018 272 1153 325 coepit
1184 278 1223 313 et
1254 273 1449 327 migravit
1481 276 1532 314 aul
1556 276 1735 316 medium
1758 275 1936 315 civitatis

205 338 343 379 locum
373 338 415 378 in
448 352 529 391 quo
560 338 755 378 manebat
784 352 853 377 rex
877 337 1096 378 Persarum
1128 342 1168 379 et
1201 343 1456 380 commutato
1478 340 1557 380 sibi
1591 342 1755 382 nominc
1787 342 1937 381 Manen

205 407 335 445 semet
361 403 498 457 ipsum
528 418 603 457 pro
635 403 826 450 Corbicio
858 403 1095 456 appellavit,
1125 420 1200 445 nec
1230 405 1392 455 Manen,
1423 408 1494 446 sed
1524 407 1687 458 Manes3
1721 407 1936 447 Persarum

207 470 315 510 enim
345 469 491 523 lingua
520 469 593 510 tali
624 470 754 510 utitur
785 469 1070 511 declinatione.
1129 470 1316 512 Effectus
1347 472 1477 523 igitur
1506 488 1607 525 puer
1637 473 1707 513 ille
1738 488 1939 513 annorum
1967 485 1989 519 4

161 541 175 571 Γ
205 550 331 589 prope
363 535 590 588 sexaginta,
623 536 807 576 eruditus
838 538 1066 577 secundum
1088 537 1320 578 doctrinam
1344 552 1448 591 quae
1478 537 1520 578 in
1550 538 1652 580 locis
1683 539 1766 580 illis
1798 542 1870 588 est,
1903 541 1942 579 ct

204 615 333 655 paene
365 601 539 642 dixerim
569 616 693 655 super
723 616 889 642 omnem
911 603 1130 652 hominem,
1161 603 1404 657 diligentius
1431 607 1570 644 tamen
1592 620 1638 644 ea
1660 604 1813 654 didicit,
1837 620 1941 658 (luae

204 669 246 708 in
276 666 359 708 illis
391 670 588 721 quattuor
618 667 771 708 libellis
803 669 1140 721 continebantur3
1178 671 1403 723 adquisivit
1440 671 1564 710 etiam
1595 672 1682 723 ipse
1714 670 1941 723 discipulos

204 738 298 784 tres,
330 748 508 787 quorum
538 735 708 775 nomina
738 737 835 775 sunt
865 734 982 776 haec:
1019 733 1211 783 Thomas
1244 736 1386 776 Addas
1417 738 1458 777 et
1488 735 1676 777 Hermas.
1725 735 1841 777 Tunc
1872 738 1941 776 ad·
1969 746 1990 780 5

205 800 333 841 sumit
362 799 457 841 illos
488 799 652 841 libellos
685 803 724 840 et
754 800 951 841 transfert
982 815 1061 848 eOS,
1091 801 1149 841 ita
1178 804 1224 842 ut
1254 801 1385 842 multa
1416 802 1497 842 alia
1528 817 1575 842 ex
1606 805 1735 843 semet
1761 803 1850 855 ipso
1882 803 1942 842 in-

205 868 359 907 sereret
389 866 458 916 eis,
491 880 594 919 quae
625 865 805 907 anilibus
837 866 989 907 fabulis
1021 866 1175 907 similia
1205 871 1310 907 sunt.
1369 867 1562 908 Habebat
1599 881 1696 921 ergo
1727 872 1810 909 tres
1841 869 1942 909 istos

206 931 435 985 discipulos
467 933 655 973 conscios
685 931 891 973 malorum
922 947 1109 985 suorum,
1140 948 1291 974 nomen
1318 949 1414 975 vero
1445 934 1598 974 libellis
1629 935 1841 987 proprium
1873 936 1942 974 ad-

205 998 360 1048 scribit,
390 999 541 1051 prioris
572 998 740 1039 nomine
771 997 918 1048 deleto,
950 1001 1165 1052 tamquam
1196 1000 1230 1040 si
1261 1014 1329 1040 eos
1361 1000 1472 1041 solus
1505 1015 1551 1041 ex
1573 1004 1703 1041 semet
1724 1001 1814 1053 ipso
1847 1016 1942 1041 con-

205 1064 426 1117 scripserit.
484 1063 601 1105 Tunc
630 1065 766 1105 visum
798 1067 859 1105 est
890 1065 927 1105 ei
957 1065 1123 1105 mittere
1153 1065 1379 1118 discipulos
1401 1080 1496 1107 suos
1519 1082 1613 1107 cum
1634 1067 1698 1107 his
1721 1081 1825 1120 quae
1848 1081 1942 1107 con·
1969 1077 1991 1107 (ί

204 1131 426 1183 scripserat
454 1131 498 1170 in.
527 1130 682 1171 libellis
713 1131 764 1170 ad
795 1131 1007 1183 superiora
1037 1131 1167 1183 ipsius
1198 1133 1437 1184 provinciae
1467 1132 1560 1173 loca
1593 1136 1632 1173 et
1662 1146 1734 1185 per
1761 1132 1943 1172 diversas

205 1197 392 1237 civitates
425 1199 464 1237 et
494 1197 624 1246 vicos,
654 1199 701 1237 ut
730 1197 901 1237 haberet
937 1196 1100 1250 aliquos
1139 1212 1182 1238 se
1218 1201 1454 1251 sequentes;
1492 1202 1532 1239 et
1562 1198 1743 1239 Thomas
1776 1200 1944 1252 quidem

204 1265 341 1316 partes
370 1262 556 1316 Aegypti
584 1263 716 1303 voluit
747 1276 963 1315 occupare,
993 1262 1135 1303 Addas
1166 1277 1261 1304 vero
1295 1263 1499 1317 Scythiae,
1530 1264 1643 1306 solus
1674 1268 1811 1305 autem
1840 1264 1941 1305 Her-

205 1343 292 1368 mas
322 1328 502 1369 residere
533 1343 627 1369 cum
658 1343 704 1369 eo
737 1328 874 1381 elegit.
932 1327 1036 1370 Cum
1069 1341 1167 1383 ergo
1205 1329 1269 1370 illi
1300 1334 1436 1371 essent
1464 1331 1661 1384 profecti,
1693 1332 1801 1384 regis
1833 1330 1942 1371 filius
1974 1335 1989 1368 ΐ

205 1394 465 1447 aegritudine
497 1394 675 1448 quadam
717 1396 912 1447 adreptus
944 1398 1020 1444 est,
1064 1410 1187 1448 quem
1218 1410 1288 1436 rex
1321 1411 1462 1437 curare
1493 1398 1728 1437 desiderans
1761 1398 1943 1438 edictum

206 1461 434 1514 proposuit,
465 1461 657 1510 invitans,
687 1461 722 1502 si
748 1461 841 1514 quis
872 1475 966 1501 eum
988 1475 1129 1502 curare
1151 1464 1302 1514 posset,
1342 1464 1564 1513 accederet,
1593 1463 1778 1516 praemio
1811 1463 1942 1503 multo

208 1527 433 1580 proposito.
494 1525 611 1567 Tunc
640 1527 735 1577 iste,
766 1527 873 1567 sicut
903 1526 967 1566 illi
998 1527 1069 1580 qui
1101 1529 1252 1570 cubum
1290 1530 1418 1581 (quod
1448 1544 1598 1569 nomen
1631 1533 1692 1570 est
1722 1529 1850 1581 aleae)
1882 1528 1942 1569 lu-
1970 1535 1992 1569 8

208 1594 304 1633 dere
334 1592 480 1644 solent,
509 1593 787 1646 praesentiam
817 1593 882 1633 sui
911 1592 1057 1633 Manes
1089 1593 1256 1634 exhibet
1284 1596 1394 1647 apud
1424 1608 1582 1649 regem,
1616 1596 1755 1636 dicens
1783 1610 1825 1636 se
1857 1609 1943 1635 esse

207 1673 382 1712 puerum
416 1661 673 1706 curaturum3
706 1673 811 1712 quae
834 1673 928 1700 cum
950 1659 1132 1700 audisset
1154 1674 1240 1711 rex,
1276 1662 1457 1714 suscepit
1494 1676 1588 1702 eum
1619 1677 1712 1702 cum
1743 1662 1943 1715 obsequio

208 1739 256 1765 ac
284 1725 462 1765 libenter
491 1724 646 1765 habuit.
709 1724 864 1765 Verum
894 1740 944 1765 ne
975 1725 1107 1766 multa
1138 1728 1344 1767 narrando
1377 1742 1480 1781 quae
1512 1728 1640 1781 gessit
1661 1728 1844 1768 taedium
1875 1742 1944 1767 au-

208 1790 411 1832 ditoribus
441 1790 634 1839 inferam,
670 1794 858 1832 mortuus
890 1793 950 1831 est
979 1806 1083 1845 puer
1112 1792 1155 1832 in
1185 1793 1377 1834 manibus
1408 1794 1494 1833 eius
1524 1793 1590 1834 vel
1619 1794 1758 1847 potius
1790 1794 1944 1834 extinc-

207 1860 284 1898 tus.
334 1855 453 1898 Tunc
482 1871 553 1897 rex
582 1857 625 1897 in
657 1871 863 1898 carcerem
885 1858 1049 1898 detrudi
1078 1858 1195 1899 iubet
1225 1858 1377 1900 Manen
1409 1862 1449 1900 et
1474 1860 1573 1900 ferri
1594 1860 1751 1901 talento
1773 1860 1943 1901 onerari.
1970 1866 1993 1900 9

208 1922 276 1963 Illi
304 1937 402 1964 vero
438 1924 518 1964 duo
550 1921 745 1975 discipuli
776 1923 862 1963 eius
894 1923 965 1976 qui
995 1923 1111 1964 missi
1141 1924 1306 1965 fuerant
1336 1927 1388 1966 ad
1410 1927 1642 1967 docendum
1667 1940 1740 1979 per
1760 1925 1944 1978 singulas

210 1989 398 2030 civitates
429 1987 732 2042 quaerebantur
772 1987 824 2028 ad
864 2003 1059 2041 poenam,
1101 1991 1272 2044 quique,
1315 1991 1522 2044 fugientes
1563 1992 1676 2042 licet,
1718 2006 1945 2045 numquam

333 2163 439 2199 GMF
461 2163 490 2197 T
509 2163 703 2207 (Ausm'lsse)

323 2319 344 2353 2
372 2330 515 2353 manem
544 2319 618 2354 OM
656 2321 660 2361 Ι
706 2320 728 2354 3
754 2331 817 2354 am
842 2320 953 2354 Hand
975 2323 1094 2356 mutat
1118 2333 1251 2356 nomen
1280 2323 1329 2357 02
1373 2324 1376 2366 Ι
1422 2323 1446 2358 4
1472 2323 1565 2357 nach
1597 2324 1744 2358 effectus
1770 2329 1812 2364 -Ι-
1838 2325 1892 2358 est
1918 2324 1953 2357 F

212 2375 213 2403 ἶ
268 2375 290 2410 5
328 2375 393 2419 est]
426 2376 520 2410 esset
556 2375 599 2409 M
644 2376 648 2419 Ι
705 2378 741 2410 et
777 2383 819 2414 <
857 2376 934 2410 MF
983 2378 988 2420 Ι
1044 2380 1067 2412 G
1104 2389 1147 2412 ea
1183 2378 1323 2423 didicit]
1368 2379 1458 2413 haec
1491 2378 1620 2413 didicit
1661 2380 1690 2414 G
1724 2379 1872 2414 edidicit
1909 2380 1954 2413 JI

212 2429 339 2464 didicit
363 2442 405 2465 ea
428 2431 465 2464 F
492 2432 496 2475 Ι
534 2433 550 2466 7
579 2434 735 2476 quatuor
760 2432 834 2466 illis
859 2433 895 2466 F
926 2434 930 2473 Ι
967 2445 1028 2467 am
1044 2434 1154 2468 Raml
1178 2434 1415 2479 „sdiscfiplilos
1440 2435 1610 2479 accquint
1631 2436 1681 2470 G2
1724 2437 1728 2477 Ι
1774 2436 1796 2471 8
1822 2435 1946 2479 add-as]

213 2485 308 2520 abda.
337 2486 366 2519 Τ
397 2486 510 2521 abdas
543 2488 612 2531 OF,
639 2489 759 2529 Αδδᾶς
783 2488 839 2522 bei
862 2489 1097 2532 Epiphanius
1153 2490 1156 2533 Ι
1212 2501 1328 2524 ermas
1357 2491 1387 2525 G
1439 2493 1443 2534 Ι
1499 2492 1693 2536 assumpsit
1717 2492 1752 2525 F
1803 2493 1807 2535 Ι
1863 2493 1886 2525 9
1913 2494 1947 2527 et

214 2541 398 2586 transfert]
430 2545 472 2578 ut
506 2544 721 2579 transferret
756 2544 793 2578 F
837 2545 841 2588 Ι
897 2556 940 2579 ex
977 2552 1019 2583 <
1060 2546 1090 2580 O
1141 2547 1145 2588 Ι
1203 2547 1252 2581 12
1290 2547 1473 2592 scripserit
1507 2547 1544 2581 F
1593 2549 1597 2590 Ι
1655 2549 1704 2583 14
1747 2559 1806 2581 am
1842 2548 1951 2582 Hand

214 2597 497 2641 praedicandum
521 2599 637 2635 mittit
665 2601 715 2636 02
752 2602 756 2644 Ι
798 2600 922 2645 ipsius]
948 2601 1048 2635 illius
1077 2602 1106 2637 O
1147 2602 1151 2646 Ι
1198 2603 1247 2637 1ίί
1274 2604 1434 2648 aegypti]
1461 2604 1690 2648 egyptiorum
1715 2603 1751 2636 F
1788 2605 1791 2646 Ι
1837 2604 1948 2638 abdas

217 2653 282 2687 CF
325 2654 329 2696 Ι
374 2654 550 2700 scythiae]
584 2657 698 2700 scytie
728 2657 757 2691 O
786 2656 889 2691 scitie
915 2657 960 2690 M
979 2658 1073 2702 syrie
1097 2658 1144 2701 F,
1181 2659 1249 2701 zyl.
1275 2660 1367 2693 azaele,
1393 2660 1445 2701 69,
1471 2660 1514 2694 ‘20
1540 2660 1615 2693 macl
1638 2659 1880 2703 Epiphanius,
1908 2661 1949 2694 12

215 2709 261 2743 17
288 2708 357 2753 illi]
376 2720 444 2743 aus
461 2711 536 2745 illic
558 2723 648 2746 corr.
680 2713 710 2747 O
750 2715 754 2754 Ι
801 2713 850 2748 18
878 2714 994 2747 curari
1023 2714 1053 2748 O
1093 2716 1096 2757 Ι
1144 2714 1192 2749 19
1224 2714 1398 2759 invitans]
1431 2716 1468 2749 in
1499 2715 1576 2749 uita
1607 2715 1636 2749 O
1663 2715 1822 2749 inuitans
1847 2718 1887 2750 ut
1911 2716 1955 2749 M

214 2766 217 2805 Ι
257 2764 372 2808 possit
401 2765 431 2800 O
466 2767 470 2810 Ι
515 2768 715 2812 accederet]
743 2769 920 2812 acciperet
949 2769 1023 2804 CM
1049 2771 1053 2813 Ι
1092 2770 1290 2814 praemium
1320 2771 1392 2805 OM
1420 2772 1424 2814 Ι
1462 2772 1513 2805 20
1538 2771 1615 2804 tum
1645 2771 1718 2805 CM
1755 2772 1759 2813 Ι
1804 2771 1948 2815 cubum]

216 2819 335 2853 cibum
366 2821 440 2855 OM
477 2823 481 2863 Ι
526 2824 628 2858 aleae
652 2824 790 2868 ludere]
816 2824 890 2858 tale
915 2825 1061 2859 eludere
1091 2825 1163 2860 CM
1202 2827 1206 2868 Ι
1252 2827 1300 2860 21
1329 2827 1395 2870 sui]
1421 2838 1523 2860 suam
1545 2827 1580 2869 C,
1609 2827 1755 2861 exhibet
1780 2838 1901 2861 manes
1919 2826 1955 2859 F

216 2876 217 2915 Ι
261 2876 311 2910 22
339 2876 435 2919 quod
461 2877 498 2911 F
535 2879 540 2922 ]
589 2880 640 2914 23
666 2880 790 2925 gessit]
828 2882 931 2925 gesta
967 2883 1051 2915 sunt
1075 2882 1111 2915 F
1150 2883 1153 2925 Ι
1199 2882 1250 2916 24
1287 2882 1377 2915 vach
1416 2882 1596 2916 extinctus
1624 2887 1664 2921 -Ι-
1690 2884 1743 2916 est
1768 2882 1812 2915 M
1849 2883 1854 2925 Ι
1900 2883 1949 2917 25

216 2941 357 2965 carcere
381 2932 418 2965 F
457 2935 461 2977 Ι
506 2945 650 2968 manem
675 2935 720 2969 M
759 2937 762 2980 Ι
806 2948 867 2970 am
893 2937 1001 2970 Hand
1030 2948 1127 2971 nunc
1152 2949 1293 2972 carcere
1318 2938 1484 2972 trudetur
1513 2938 1562 2972 Οἳ
