2164 3406
130 872 172 904 10

764 161 855 193 ,ivm
880 160 1051 195 Archelai
1077 161 1134 195 LX
1145 161 1345 195 [v—-Lle
1356 162 1377 194 1.
1884 168 1933 206 95

200 267 438 309 Turbonem
469 269 519 309 ad
548 269 795 311 Marcellum
827 275 1014 312 nostrum
1046 274 1171 323 misit,
1202 274 1244 313 in
1277 289 1357 326 qua
1389 288 1430 312 se
1461 273 1711 325 significavit
1733 289 1817 313 esse
1840 289 1935 314 ven-

199 337 352 375 turum.
411 334 500 383 Quo
524 351 617 377 eum
649 338 839 386 venisset,
870 338 949 379 fuit
980 340 1100 379 nobis
1132 342 1339 379 certamen
1371 338 1453 378 tale
1476 338 1596 391 quale
1620 343 1659 379 et
1682 340 1745 379 hic
1774 341 1935 380 vidistis

200 404 240 441 et
281 401 465 451 audistis,
506 402 549 442 in
581 417 662 455 quo
705 406 829 456 prout
858 406 1070 457 potuimus
1112 405 1369 445 ostendimus
1400 420 1493 445 eum
1530 407 1933 458 pseudo}›rophetam

200 482 286 508 esse
316 467 549 509 manifeste.
608 467 687 509 Sed
721 472 859 509 custos
891 471 1058 523 quidem
1084 472 1258 512 carceris
1293 472 1363 524 qui
1396 486 1488 511 eum
1523 471 1735 511 dimiserat
1766 473 1933 524 punitus
1960 478 1983 508 9

153 539 170 568 ι’
200 535 275 583 est;
307 548 377 574 rex
407 548 504 575 vero
538 550 630 576 eum
662 536 817 589 requiri
847 537 967 577 iussit
997 540 1037 577 et
1066 538 1108 577 in
1131 539 1462 591 quibuscumque
1485 537 1587 578 locis
1610 540 1817 590 repertum
1840 554 1934 577 ‹ron-

197 599 407 651 prehendi.
466 599 582 641 Haec
612 615 705 642 eum
738 614 815 655 ego
848 603 1147 656 cognovissem,
1169 604 1446 644 necessarium
1479 604 1558 643 fuit
1585 618 1650 643 me
1673 604 1796 643 etiam
1819 605 1934 644 vobis

196 665 381 707 indicare
414 667 512 719 quia
542 668 770 721 requiritur
799 668 876 708 istc
899 684 921 708 a
952 681 1048 722 rege
1070 669 1290 710 Persarum
1319 685 1450 723 usque
1483 670 1522 709 in
1546 670 1791 710 hodiernum
1814 670 1934 710 (116111.

307 731 442 773 LXVI
474 731 590 786 (LV).
648 732 726 774 His
769 735 939 784 auditis,
982 736 1128 775 turbae
1172 734 1367 776 volebant
1405 736 1556 775 Manen
1605 734 1933 788 conprehensum

197 800 359 839 tradere
400 800 596 851 potestati
633 800 872 847 barbarum,
916 802 987 854 qui
1026 804 1141 841 erant
1172 802 1299 842 vicini
1335 801 1444 841 ultra
1485 800 1705 854 Strangam
1751 800 1934 849 fluvium,

198 865 395 918 quonian]
438 868 478 905 et
521 868 615 907 ante
656 869 820 919 tempus
856 870 1054 907 venerant
1092 868 1260 920 quidam
1299 869 1349 906 ad
1386 868 1679 919 requirendum
1710 881 1820 915 eum,
1852 882 1933 919 quo

196 945 403 984 nusquam
434 935 596 984 reperto
629 933 919 982 discesserant3
952 936 1042 973 erat
1072 933 1183 973 enim
1212 935 1311 973 tune
1342 934 1384 973 in
1406 932 1505 985 fuga
1527 933 1788 972 constitutus.
1830 931 1932 972 Cum
1959 937 1981 970 *2

197 1008 296 1050 ergo
327 998 429 1037 haec
458 998 517 1037 ita
547 997 777 1039 Archelaus
807 1000 1070 1052 prodidisset,
1102 999 1299 1039 continuo
1332 1014 1373 1039 se
1404 1000 1447 1039 in
1477 998 1621 1051 fugam
1651 999 1765 1038 dedit
1791 999 1932 1039 Manes

197 1066 238 1103 et
268 1065 439 1103 evadere
468 1064 617 1116 potuit,
649 1065 746 1104 dum
778 1079 899 1105 nemo
939 1080 1033 1106 611111
1060 1066 1365 1118 insequeretur,
1404 1079 1494 1105 cum
1526 1064 1705 1117 populus
1738 1064 1932 1105 Archelai

197 1144 321 1182 quem
350 1128 528 1170 libenter
558 1131 782 1171 audiebant
811 1130 1011 1172 relatione
1041 1134 1260 1182 teneretur,
1293 1131 1461 1184 quidam
1493 1134 1631 1171 tamen
1654 1131 1797 1171 crebre
1826 1131 1931 1171 inse-

151 1225 156 1233 .
196 1195 282 1236 cuti
324 1198 422 1236 sunt
462 1198 559 1248 post
600 1211 704 1237 eum.
766 1196 845 1238 Sed
890 1197 962 1238 ille
998 1198 1087 1239 vias
1131 1197 1280 1251 quibus
1311 1200 1480 1238 venerat
1522 1199 1712 1249 repetens
1753 1196 1929 1237 transito
1957 1198 1979 1231 3

194 1261 322 1302 fluvio
354 1264 405 1302 ad
435 1261 660 1304 Arabionis
689 1263 905 1304 castellum
950 1264 1083 1314 rediit,
1125 1264 1197 1304 ubi
1238 1270 1383 1316 postea
1411 1263 1734 1316 conprehensus,
1766 1262 1930 1304 oblatus

196 1330 258 1369 est
287 1328 392 1381 regi;
435 1327 591 1381 quique
620 1328 801 1381 plurima
832 1331 1028 1371 adversus
1071 1345 1166 1371 eum
1207 1328 1493 1382 indignatione
1537 1332 1786 1379 commotus,
1829 1330 1929 1369 duas

194 1396 349 1435 mortes
384 1395 427 1434 in
465 1408 557 1434 eum
590 1395 799 1435 vindicare
830 1395 1016 1448 cupiens,
1055 1411 1181 1436 unam
1212 1395 1306 1444 filii,
1344 1395 1516 1436 alteram
1548 1395 1779 1442 carcerarii,
1810 1395 1931 1435 iussit

196 1475 289 1501 eum
320 1463 414 1500 ante
443 1463 584 1513 portas
622 1460 801 1501 civitatis
833 1462 1089 1503 excoriatum.
1131 1462 1327 1514 suspendi
1365 1464 1404 1502 et
1438 1460 1591 1513 pellem
1628 1461 1716 1501 eius
1751 1460 1928 1501 medica-

194 1526 345 1568 mentis
376 1526 573 1567 infectam
602 1525 750 1576 inflari,
781 1541 925 1568 carnes
952 1542 1049 1569 vero
1071 1527 1311 1569 volueribus
1333 1528 1422 1568 dari
1442 1527 1572 1568 iussit.
1604 1526 1762 1575 Quibus
1783 1529 1928 1580 postea
1954 1527 1978 1561 4

194 1592 358 1646 agnitis,
389 1592 620 1633 Archelaus
650 1592 801 1633 adiecit
822 1609 869 1634 ea
898 1594 1026 1647 priori
1048 1594 1341 1647 disceptationi
1362 1597 1407 1634 ut
1428 1593 1621 1634 omnibus
1642 1594 1928 1642 innotesceret,

194 1659 301 1700 sicut
331 1671 425 1712 ego,
464 1659 535 1712 qui
575 1659 678 1699 haec
719 1661 881 1712 scripsi,
923 1660 966 1700 in
1006 1660 1216 1713 prioribus
1254 1660 1435 1712 exposui.
1496 1659 1771 1713 Congregatis
1801 1659 1928 1713 igitur

194 1725 387 1767 omnibus
418 1723 662 1765 Christianis
692 1724 793 1766 ferri
822 1727 1019 1766 adversus
1050 1740 1144 1766 eum
1175 1726 1424 1766 sententiam
1454 1724 1621 1778 placuit,
1652 1725 1766 1766 velut
1787 1725 1928 1778 epyle—

194 1804 293 1845 gum
319 1792 527 1844 quendam
556 1791 680 1832 morti
709 1791 797 1832 eius
818 1791 1146 1832 transmittentes
1177 1794 1473 1832 consonantem
1506 1791 1690 1844 reliquae
1710 1791 1819 1832 vitae
1842 1791 1928 1832 eius

193 1857 385 1911 negotiis.

302 1922 470 1964 LXVII.
527 1922 703 1963 Addidit
733 1924 857 1963 etiam
887 1924 966 1964 hoc
995 1923 1227 1964 Archelaus
1259 1922 1416 1964 dicens:
1441 1923 1529 1963 Viri
1559 1923 1724 1973 fratres,
1754 1938 1804 1963 ne
1837 1923 1928 1976 quis

192 1992 375 2030 vestrum
405 1988 644 2029 incredulus
675 1990 729 2030 sit
757 1989 823 2030 his
855 2003 959 2042 quae
991 2004 1014 2029 a
1042 2005 1108 2031 me
1140 1990 1249 2031 dicta
1279 1992 1391 2040 sunt,
1427 1989 1470 2029 id
1501 1992 1562 2030 est
1593 1990 1704 2042 quod
1729 2003 1814 2029 non
1840 1988 1928 2041 ipse

192 2055 350 2108 primus
381 2057 526 2095 auctor
545 2054 735 2095 scelerati
754 2055 877 2096 huius
898 2056 1106 2109 dogmatis
1134 2055 1318 2096 extiterit
1336 2055 1491 2101 Manes,
1522 2057 1593 2096 sed
1622 2058 1784 2095 tantum
1818 2056 1928 2108 quod

193 2135 267 2174 per
295 2120 434 2174 ipsum
464 2120 674 2174 aliquibus
710 2124 843 2162 terrae
879 2121 1067 2174 partibus
1098 2121 1411 2162 manifestatum
1442 2121 1505 2162 sit.
1564 2120 1645 2161 Sed
1674 2135 1757 2161 non
1787 2120 1928 2161 statim

310 2261 415 2296 OMF
435 2261 503 2305 (bis
528 2262 583 2306 20)
613 2263 642 2296 Τ
663 2263 845 2306 (Aaszilsse
869 2263 922 2297 bis
948 2264 1003 2303 20)

307 2373 327 2408 1
356 2384 393 2407 36
417 2372 639 2418 significavit
662 2387 707 2404 m
737 2375 767 2409 G
814 2376 817 2417 l
863 2375 885 2409 2
913 2374 1120 2409 aduenisset
1143 2374 1180 2407 F
1225 2375 1228 2417 Ι
1274 2375 1296 2409 5
1322 2384 1403 2407 eum
1428 2372 1563 2417 requiri
1588 2372 1782 2417 (requirere
1805 2373 1929 2406 Domi?

192 2431 257 2465 ⁴275
281 2429 358 2464 und
372 2429 497 2463 Domi
520 2429 587 2464 *280
609 2441 677 2463 von
701 2433 813 2464 ersfer
837 2431 960 2474 Hand)
985 2444 1031 2462 Ν
1056 2431 1092 2463 F
1121 2431 1124 2474 Ι
1157 2431 1361 2475 reppertum
1384 2430 1413 2464 O
1441 2431 1446 2473 Ι
1487 2430 1510 2463 6
1537 2428 1581 2463 (16
1607 2431 1722 2464 morte
1746 2429 1927 2463 manichei

193 2487 272 2530 (rot)
305 2485 351 2519 M
389 2486 393 2528 Ι
437 2485 531 2519 nack
555 2487 797 2521 necessarium
823 2491 864 2526 -1-
897 2485 986 2521 duxi
1010 2486 1066 2530 M,
1093 2486 1209 2529 sslez'ch
1228 2486 1349 2529 yetilyt
1373 2496 1414 2520 w.
1439 2498 1466 2519 6.
1491 2485 1562 2519 solz.
1606 2486 1611 2528 1
1657 2486 1680 2521 8
1707 2485 1925 2529 conprehen-

193 2541 283 2585 sum]
309 2551 389 2576 sum
406 2552 438 2575 a.
466 2541 554 2576 Bas.
583 2541 629 2575 fl!
667 2543 670 2585 Ι
716 2544 739 2577 9
765 2543 1006 2587 potestatibus
1031 2543 1269 2577 barbarorum
1293 2541 1330 2574 F
1367 2542 1372 2584 Ι
1417 2541 1616 2586 strangam]
1643 2543 1830 2585 strangum
1860 2540 1932 2575 OM

193 2599 350 2631 stracum
372 2596 414 2640 F,
439 2597 504 2640 vql.
529 2599 584 2640 41,
610 2598 653 2632 23
689 2600 694 2641 Ι
740 2599 791 2633 10
815 2598 910 2632 nacla
934 2599 1083 2642 quidam
1109 2604 1150 2639 —†-
1175 2598 1364 2632 hominum
1388 2597 1425 2630 F
1464 2597 1468 2640 1
1515 2597 1562 2632 11
1590 2598 1793 2642 reppertum
1823 2596 1853 2630 O
1873 2607 1925 2630 re-

192 2653 335 2698 per-tum
363 2652 408 2686 M
446 2653 451 2695 Ι
507 2653 748 2688 discesserunt
783 2654 820 2687 F
858 2655 862 2697 Ι
918 2657 1022 2689 erant
1062 2655 1091 2690 G
1143 2656 1147 2698 1
1205 2655 1254 2689 13
1291 2653 1412 2698 1161110]
1443 2665 1489 2688 116
1525 2653 1562 2686 F
1605 2653 1610 2695 1
1655 2663 1735 2686 60111
1772 2651 1925 2697 populus

194 2707 366 2752 archelai]
398 2708 460 2743 sed
490 2709 644 2754 populus
675 2720 755 2743 611111
781 2709 940 2744 archelai
970 2711 1000 2745 Ο
1032 2711 1062 2744 13
1092 2710 1245 2755 populus
1270 2711 1307 2744 et
1343 2710 1394 2752 (et
1418 2715 1461 2746 <
1486 2708 1609 2742 Domai
1631 2710 1696 2743 275
1732 2719 1794 2741 am
1818 2707 1926 2741 Hand

189 2763 413 2807 qesehrwben
436 2764 559 2798 Douai
582 2766 660 2808 280)
688 2765 847 2800 archelai
871 2767 908 2800 F
957 2766 961 2809 1
1016 2767 1066 2802 14
1098 2766 1272 2800 audiebat
1296 2765 1341 2799 M
1379 2766 1384 2808 1
1435 2765 1646 2799 tenerentur
1671 2764 1707 2797 F
1751 2764 1754 2806 l
1800 2763 1924 2797 crebro

194 2820 230 2854 F
269 2820 273 2862 Ι
319 2820 369 2854 16
406 2819 454 2853 ad.
487 2821 647 2856 rabionis
671 2821 708 2855 F
747 2823 750 2865 Ι
798 2822 847 2857 18
872 2822 966 2855 nacla
996 2821 1062 2856 filii
1093 2827 1135 2862 -1-
1172 2823 1208 2856 et
1232 2821 1277 2854 M
1315 2822 1319 2864 Ι
1366 2822 1415 2856 19
1447 2822 1589 2865 portam
1616 2820 1642 2854 C
1686 2821 1689 2863 Ι
1733 2830 1792 2853 am
1817 2818 1927 2852 Raml

192 2874 424 2909 heresiarcha
448 2877 730 2921 manyeheorum
760 2889 885 2912 manes
917 2878 1158 2923 excoria<stus}
1186 2904 1194 2911 .
1220 2903 1227 2910 .
1253 2888 1356 2922 suspe
1383 2905 1388 2911 .
1417 2903 1424 2910 .
1454 2876 1503 2910 02
1546 2876 1550 2918 Ι
1596 2877 1645 2910 22
1670 2875 1761 2909 haec
1785 2873 1922 2918 scripsi]

192 2929 356 2975 inscripsi
386 2930 416 2965 G
457 2931 461 2974 1
507 2931 557 2967 28
584 2933 742 2976 tantum]
768 2935 909 2968 tentum
939 2934 1013 2968 CM
1051 2935 1055 2977 Ι
1101 2935 1151 2968 29
1171 2932 1233 2967 sed
1257 2933 1391 2966 meelate
1413 2932 1631 2974 Gustafsson
1655 2931 1760 2974 {slyen
