2164 3406
261 162 310 200 90
1005 156 1248 201 Hegemonius

260 267 439 320 optimus
471 268 718 308 architectus
750 271 789 308 et
819 268 1136 310 fundamentum
1165 273 1365 321 nostrum,
1407 272 1450 312 id
1490 275 1550 312 est
1587 273 1801 323 ecclesiae,
1832 273 1986 315 Paulus

259 334 397 384 posuit
427 336 467 373 et
495 332 630 386 legem
660 335 846 384 tradidit,
888 336 1088 376 ordinatis
1118 336 1319 377 ministris
1350 340 1390 378 et
1429 339 1681 392 presbyteris
1713 342 1753 379 et
1784 340 1986 393 episcopis

259 400 301 438 in
332 413 396 450 ea3
428 399 660 440 describens
690 415 762 453 per
790 400 882 441 loca
912 400 1075 454 singula
1106 404 1315 454 quomodo
1347 406 1387 443 et
1418 403 1597 456 qualiter
1626 408 1816 458 oporteat
1844 406 1986 446 minis-

259 468 343 504 tros
374 466 450 515 dei,
482 465 623 518 quales
655 469 693 506 et
715 466 893 519 qualiter
925 467 1014 507 fieri
1042 469 1305 520 presbyteros
1338 468 1562 522 qualesque
1592 484 1678 511 esse
1708 472 1883 511 debeant
1915 472 1986 525 qui

215 537 235 568 5
260 531 541 584 episcopatum
573 532 822 584 desiderant,
856 546 959 585 quae
990 533 1129 573 omnia
1157 532 1260 573 bene
1291 535 1410 574 nobis
1433 537 1473 574 et
1502 538 1611 576 recte
1633 536 1832 589 disposita
1855 552 1986 590 usque

259 596 301 636 in
331 597 576 637 hodiernum
607 600 759 637 statum
791 612 910 638 suum
942 599 1180 639 custodiunt
1211 602 1251 638 et
1280 604 1524 651 permanent
1557 603 1666 654 apud
1686 616 1760 642 nos
1782 602 1903 643 huius
1924 617 1984 643 16-

260 661 379 714 gulae
411 662 663 715 disciplinae.

366 726 489 767 LXII.
546 726 669 768 Istius
700 742 795 769 vero
828 729 899 782 qui
930 744 1037 769 61166
1066 730 1188 771 nobis
1219 744 1266 770 ex
1293 730 1512 772 Persarum
1542 734 1755 785 provincia
1786 733 1986 783 ebullivit,

258 794 400 834 Manes
430 794 608 844 nomine,
639 793 854 835 adversum
886 809 1008 847 quem
1049 796 1152 836 mihi
1183 797 1409 849 disputatio
1448 798 1531 838 iam
1567 800 1746 839 secundo
1779 803 1986 841 commota

192 867 233 898 11)
259 862 329 909 est,
361 872 489 912 genus
518 859 636 900 vobis
667 861 801 901 dicam
832 863 872 901 et
907 864 1064 913 actum,
1106 864 1177 901 sed
1218 865 1258 903 et
1293 863 1481 903 doctrina
1512 864 1598 904 eius
1627 866 1735 905 unde
1765 866 1986 906 descendat

258 924 510 965 lucidissime
541 927 841 967 demonstrabo.
900 925 981 967 Iste
1011 941 1095 968 non
1125 930 1186 969 est
1216 927 1373 981 primus
1404 932 1549 971 auctor
1577 930 1864 971 huiuscemodi
1890 933 1984 971 doc-

256 989 389 1031 trinae
418 1005 494 1031 nec
529 991 661 1043 solus,
699 994 770 1032 sed
802 992 971 1045 quidam
1002 992 1250 1046 Scythianus
1287 995 1453 1035 nomine
1485 995 1767 1048 apostolorum
1798 999 1985 1049 tempore

257 1055 337 1096 fuit
366 1059 500 1096 sectae
530 1057 651 1097 huius
682 1060 826 1098 auctor
867 1061 907 1097 et
949 1057 1156 1112 princeps,
1197 1059 1304 1100 sicut
1344 1060 1512 1101 fuerunt
1554 1064 1594 1102 et
1634 1062 1755 1102 multi
1790 1062 1861 1103 alii
1891 1077 1986 1115 apo-

257 1124 397 1170 statae,
429 1122 500 1174 qui
528 1123 727 1175 primatus
759 1123 837 1164 sibi
867 1123 1074 1165 vindicare
1104 1126 1332 1178 cupientes,
1368 1126 1473 1166 falsa
1498 1142 1573 1180 pro
1595 1127 1701 1168 veris
1733 1128 1986 1181 conscripse-

190 1194 232 1226 15
257 1190 361 1237 runt,
395 1188 666 1240 simpliciores
699 1203 885 1242 quosque
915 1192 967 1230 ad
998 1204 1115 1231 suam
1144 1189 1361 1232 libidinem
1390 1195 1682 1244 pervertentes,
1716 1208 1892 1247 (1601661
1913 1207 1984 1234 no-

257 1253 368 1292 mina
398 1256 437 1293 et
471 1254 666 1306 perfidias
703 1255 837 1295 dicere
873 1270 983 1296 61166
1018 1259 1180 1308 tempus
1210 1271 1294 1297 non
1329 1257 1439 1298 sinit.
1495 1257 1576 1299 Hic
1605 1272 1702 1312 ergo
1736 1258 1983 1312 Scythianus
2010 1274 2018 1283 ·

258 1318 500 1359 dualitatem
529 1320 652 1359 istam
682 1320 908 1361 introducit
938 1322 1184 1362 contrariam
1216 1323 1306 1373 sibi,
1337 1326 1448 1376 quod
1469 1323 1558 1377 ipse
1584 1340 1607 1364 a
1627 1324 1866 1378 Pythagora
1895 1338 1982 1365 sus-

258 1384 366 1436 cepit
396 1384 501 1424 sicut
532 1387 570 1425 et
601 1385 672 1425 alii
702 1400 843 1427 omnes
874 1387 995 1428 huius
1027 1387 1232 1440 dogmatis
1263 1391 1503 1441 sectatores,
1535 1390 1607 1444 qui
1636 1405 1777 1432 omnes
1809 1390 1982 1430 dualita-

257 1453 340 1490 tem
372 1450 608 1496 defendunt,
640 1451 893 1493 declinantes
915 1452 1142 1505 scripturae
1169 1453 1278 1493 viam
1309 1454 1521 1505 directam3
1551 1460 1618 1496 secl
1644 1472 1723 1497 non
1747 1460 1792 1497 in
1811 1459 1984 1508 amplius

188 1524 232 1558 20
252 1519 466 1567 proficient.
524 1516 637 1569 (LII.)
696 1516 848 1559 Nullus
879 1522 1016 1558 tamen
1045 1517 1104 1558 ita
1123 1518 1371 1571 inpudenter
1401 1521 1631 1574 praevaluit
1663 1522 1769 1563 sicut
1787 1522 1865 1562 iste
1887 1521 1983 1574 Scy·
2009 1544 2012 1549 s

257 1581 430 1622 thianus.
479 1581 722 1623 Inimicitias
754 1583 863 1623 enim
893 1583 1000 1624 inter
1021 1586 1123 1625 duos
1153 1585 1362 1638 ingenitos
1389 1588 1619 1628 introduxit
1650 1590 1689 1627 et
1722 1587 1861 1629 omnia
1882 1588 1982 1628 haec

257 1663 360 1700 quae
397 1652 706 1702 consequuntur
741 1649 1026 1690 huiuscemodi
1061 1650 1348 1692 adsertionem.
1409 1652 1569 1706 Quique
1606 1653 1853 1706 Scythianus
1895 1653 1982 1706 ipse

256 1728 302 1754 ex
335 1726 482 1766 genere
514 1714 810 1755 Saracenorum
846 1714 925 1755 fuit
962 1718 1002 1755 et
1038 1716 1243 1768 captivam
1274 1720 1480 1770 quandam
1522 1718 1680 1771 accepit
1720 1733 1890 1759 uxorem
1932 1720 1981 1759 de

259 1780 467 1832 superiore
498 1779 726 1829 Thebaide,
758 1794 861 1833 quae
893 1795 985 1820 eum
1017 1781 1145 1821 suasit
1174 1782 1360 1823 habitare
1396 1784 1438 1823 in
1470 1784 1661 1837 Aegypto
1692 1784 1825 1837 magis
1857 1799 1981 1838 quam

188 1852 232 1886 ‘25
258 1844 298 1884 in
330 1844 511 1886 desertis.
570 1846 709 1899 Atque
739 1847 896 1886 utinam
925 1861 1153 1900 numquam
1185 1862 1277 1888 eum
1307 1848 1379 1889 illa
1408 1850 1621 1901 provincia
1651 1850 1908 1903 suscepisset,
1939 1850 1981 1890 16
2010 1857 2024 1866 “

369 1987 388 2020 l
416 1986 431 2018 Ι
456 1986 539 2020 Κο1·.
567 1988 596 2029 3,
624 1988 665 2020 10
690 2008 731 2011 —
759 1988 780 2022 2
807 1990 885 2022 Act.
913 1989 965 2031 14,
991 1990 1034 2024 23
1057 2009 1100 2013 —
1128 1989 1151 2023 4
1177 1990 1192 2022 I
1217 1989 1307 2025 Tim.
1334 1992 1364 2031 3,
1391 1992 1407 2024 1

372 2096 477 2130 OMF
496 2098 574 2140 (von
602 2099 641 2131 11
667 2098 729 2141 ans)
759 2098 787 2131 T
807 2099 989 2142 (Afzaszfzzqe
1014 2111 1079 2133 con
1103 2101 1146 2134 ‘22
1171 2102 1233 2143 (m)

370 2196 389 2229 1
418 2196 574 2240 optimos
600 2197 816 2232 architectos
841 2198 874 2231 61
903 2198 932 2232 G
972 2200 976 2241 1
1022 2200 1045 2232 (ἰ
1083 2199 1244 2243 regulae]
1281 2211 1348 2233 aus
1384 2200 1511 2244 regula
1546 2201 1634 2234 011116
1657 2200 1743 2235 Has.
1770 2213 1859 2236 corr.
1890 2202 1940 2236 02
1979 2202 1982 2245 l

261 2251 277 2285 ’ἱ
319 2250 511 2295 disciplina
539 2253 568 2285 Ο
609 2254 613 2295 j
658 2254 726 2286 Am
753 2253 860 2287 Ham]
886 2254 1072 2288 archelaus
1109 2254 1293 2299 episcopus
1320 2256 1351 2298 (e
1375 2267 1444 2289 ems
1470 2268 1485 2288 s
1511 2259 1613 2299 corr.)
1639 2256 1747 2291 refert
1771 2257 1850 2301 quis
1875 2257 1984 2291 fuerit

257 2317 379 2340 manes
408 2308 437 2341 O
467 2309 470 2350 1
514 2309 537 2342 9
564 2308 636 2342 1661
661 2309 816 2343 secundo
841 2322 887 2339 Ν
911 2309 956 2343 Μ
982 2310 986 2353 Ι
1021 2311 1071 2344 10
1096 2310 1262 2344 doctrina
1286 2322 1354 2345 aus
1380 2311 1567 2346 doctrinae
1592 2312 1679 2345 olme
1702 2313 1789 2346 Ras.
1815 2323 1906 2347 corr.
1935 2313 1983 2347 Ol

257 2373 297 2395 ¹21⁴.
323 2375 348 2396 e.
374 2363 445 2396 sch.
491 2364 494 2405 1
541 2364 587 2399 11
616 2364 706 2398 Hier
730 2365 871 2406 beyz'mzt
895 2365 960 2398 das
977 2365 1129 2409 Excerpt
1153 2377 1221 2400 aus
1246 2367 1313 2400 deu
1336 2368 1436 2409 Aeta,
1463 2368 1528 2401 clas
1553 2367 1595 2400 in
1619 2368 1680 2401 der
1701 2367 1746 2401 F·
1756 2368 1899 2411 Gruppe
1922 2369 1984 2401 (16)·

259 2417 361 2453 HSS.
387 2419 465 2452 sicle,
487 2419 607 2461 findet.
655 2421 723 2453 Die
756 2412 979 2464 &hest-schrift
1015 2422 1110 2464 (fehlt
1139 2422 1181 2455 in
1205 2422 1329 2456 Donat
1351 2423 1429 2463 275)
1461 2423 1589 2456 lazctet:
1632 2422 1734 2464 Quod
1769 2424 1836 2457 iste
1860 2435 1983 2458 manes

258 2486 330 2507 non
367 2474 413 2507 sit
445 2477 570 2509 auctor
606 2476 710 2510 huius
746 2477 880 2511 heresis
917 2477 977 2511 sed
1015 2478 1137 2521 potius
1175 2478 1322 2521 quidam
1360 2478 1539 2512 stutianus
1590 2480 1594 2521 1
1640 2480 1689 2514 12
1722 2479 1882 2523 quidam]
1916 2490 1983 2512 aus

261 2529 404 2572 quidem
429 2541 519 2564 corr.
551 2531 600 2565 02
644 2532 647 2574 1
692 2533 913 2577 scythianus]
948 2533 1119 2567 scitianus
1154 2534 1182 2567 T
1208 2545 1251 2567 ex
1283 2534 1423 2578 scythia
1448 2534 1629 2568 scuti-anus
1655 2534 1733 2577 (das
1758 2534 1855 2567 letzte
1887 2533 1984 2568 Wort

259 2597 291 2619 α.
318 2585 417 2625 Has.)
448 2586 476 2620 C
499 2587 721 2629 excytiamus
748 2588 791 2620 M
811 2588 990 2623 stutianus
1029 2589 1065 2622 F
1104 2590 1107 2632 l
1151 2589 1310 2633 nomine]
1348 2600 1379 2624 ct.
1405 2589 1492 2624 Bas.
1528 2590 1557 2624 Ο
1598 2590 1602 2633 Ι
1644 2590 1738 2623 nach
1772 2589 1918 2624 nomine
1944 2595 1984 2629 —†—

260 2642 320 2684 qui
347 2650 419 2683 (am
444 2642 551 2675 Raml
575 2643 697 2676 Domai
721 2644 798 2682 275)
825 2644 860 2677 F
887 2646 892 2687 Ι
939 2645 987 2679 13
1012 2644 1106 2678 nach
1130 2644 1222 2678 sicut
1247 2650 1289 2684 -1-
1315 2647 1351 2679 et
1379 2645 1408 2680 Ο
1448 2645 1453 2687 Ι
1499 2645 1549 2680 14
1573 2644 1767 2679 uendicare
1795 2645 1869 2680 OM
1895 2646 1899 2688 Ι
1934 2647 1983 2681 16

260 2696 357 2740 sinit]
388 2698 559 2731 viellez'eht
595 2710 627 2731 a.
653 2698 739 2733 Has.
765 2699 809 2732 Μ
840 2701 935 2735 sinet
964 2701 993 2735 O
1032 2701 1037 2743 l
1081 2699 1266 2734 scutianus
1295 2701 1324 2735 O
1357 2700 1579 2744 excytiamus
1615 2700 1660 2734 Μ
1690 2700 1868 2735 stutianus
1903 2701 1940 2734 F
1981 2702 1983 2744 Ι

262 2753 307 2787 17
336 2755 513 2797 pytagora
541 2754 569 2788 O
601 2755 796 2799 pithagora
820 2756 864 2789 Μ
883 2756 1051 2800 pitagora
1073 2755 1109 2788 F
1148 2756 1152 2799 Ι
1198 2757 1248 2791 20
1274 2757 1484 2791 excutianus
1514 2755 1587 2790 OM
1606 2756 1785 2790 stutianus
1809 2756 1846 2790 F
1884 2758 1888 2800 1
1934 2757 1982 2791 21

260 2808 447 2842 inimicitie
472 2808 516 2842 M
546 2810 551 2851 1
596 2811 645 2844 22
673 2822 751 2844 cum
778 2813 976 2855 sequuntur
1004 2812 1033 2846 C
1056 2813 1293 2846 consecuntur
1317 2812 1354 2845 F
1380 2813 1384 2856 l
1423 2812 1494 2845 Mit
1517 2812 1595 2845 devm
1619 2811 1816 2855 Folyendeu
1840 2813 1904 2855 Wl·
1930 2813 1985 2846 die

260 2865 426 2904 Aussrz'lffe
450 2864 491 2897 ‘in
515 2865 575 2899 (116)·
603 2866 756 2900 Turiner
781 2867 854 2901 HS.
874 2867 933 2911 (T)
958 2867 1035 2901 med
1056 2868 1122 2901 den
1145 2867 1291 2901 Berielzt
1321 2868 1379 2901 des
1406 2868 1567 2901 Socrates
1592 2868 1615 2901 Ι
1634 2869 1680 2900 22
1725 2869 1728 2911 Ι
1772 2868 1985 2902 excutianus

265 2919 336 2953 OM
368 2919 546 2953 stutianus
571 2920 606 2952 F
635 2922 638 2964 Ι
684 2922 734 2956 23
760 2933 1028 2956 sarracenorum
1057 2923 1086 2956 T
1103 2923 1140 2956 F
1178 2924 1182 2966 Ι
1228 2924 1279 2958 24
1310 2922 1493 2967 thebaide]
1519 2924 1672 2957 hatabat
1696 2922 1740 2956 Μ
1758 2922 1932 2957 thebaida
1954 2923 1991 2956 F

2010 944 2032 977 b'd
