2164 3406
172 522 192 555 O!

149 852 192 886 10

153 1510 196 1543 20

157 2166 201 2199 30

216 152 265 188 ,10
960 139 1202 184 Hegemonius

215 255 316 295 Cum
348 269 415 294 rex
448 254 597 306 aliquis
634 253 847 306 obpugnat
882 255 1036 292 turrem
1077 252 1214 293 valido
1256 265 1373 291 muro
1416 251 1728 299 circumdatam,
1770 247 1938 288 adhibet

216 321 347 373 primo
378 319 564 360 ballistas
596 322 636 359 et
663 318 812 368 iacula,
849 318 1060 358 securibus
1097 317 1244 358 deinde
1288 319 1427 369 portas
1459 315 1644 356 excidere
1680 317 1804 368 atque
1835 314 1936 354 arie-

216 386 326 426 tibus
356 400 495 425 muros
526 388 697 425 conatur
727 386 922 432 evertere3
955 386 995 423 et
1025 398 1118 424 cum
1149 381 1384 432 obtinuerit,
1414 384 1501 421 tum
1530 383 1696 421 demum
1727 380 1938 433 ingressus

219 467 322 505 quae
353 452 519 492 libuerit
551 451 647 503 agit,
678 450 762 491 sive
794 450 978 501 captivos
1009 448 1144 501 placet
1173 448 1280 488 cives
1312 448 1514 487 abducere
1545 447 1629 487 sive
1668 449 1816 486 cuncta
1843 446 1938 486 sub-

218 522 374 558 vertere
405 520 474 557 aut
505 517 638 565 etiam,
669 516 703 555 si
732 514 944 567 placuerit,
974 517 1143 567 rogatus
1173 513 1373 565 indulget.
1437 511 1546 560 Quid
1578 525 1674 565 ergo
1706 511 1806 552 dicit
1834 512 1938 552 iste?

217 582 313 625 Non
344 583 588 630 substantia,
631 582 673 621 id
703 584 763 621 est
803 581 1033 632 proposito,
1072 579 1327 619 adversarius
1359 577 1450 630 quis
1481 577 1645 628 deiecit,
1675 579 1785 630 quod
1814 577 1939 618 inter-

216 650 368 689 iectum
399 649 531 688 fuerat
561 648 889 687 munimentum?
925 645 968 685 in
997 645 1338 697 praecedentibus
1372 643 1480 683 enim
1513 643 1721 696 professus
1753 646 1814 684 est
1844 643 1940 696 quia

217 714 524 765 supervenerint
560 714 751 753 tenebrae
793 726 842 752 ex
884 710 1062 764 propriis
1104 710 1255 751 finibus
1290 710 1333 749 in
1369 721 1543 761 regnum
1579 709 1645 749 dei
1673 708 1782 749 boni.
1841 707 1940 756 Quis

216 779 329 831 prius
361 779 508 819 deiecit
537 778 838 819 munitionem}>
887 775 1133 829 Inpossibile
1165 776 1272 816 enim
1303 778 1390 815 erat
1417 775 1578 827 ingredi
1606 773 1778 824 malum,
1808 775 1941 814 muni-

217 845 329 884 tione
351 847 575 885 constante.
625 843 732 892 Quid
761 846 896 883 taces?
946 842 1055 890 Quid
1084 842 1256 882 moraris
1285 844 1341 891 tu,
1372 839 1636 880 Manichaee?
1673 838 1812 880 Etiam
1833 840 1869 880 si
1896 842 1943 879 tu

220 910 395 959 differas,
427 910 644 963 adgrediar
675 924 766 950 mea
795 911 952 961 sponte.
1013 906 1060 949 Si
1090 907 1198 947 enim
1230 907 1379 947 dixeris
1417 905 1513 959 quia
1549 907 1649 945 deus
1686 905 1942 950 destruxerit,

218 976 420 1029 requiram
455 976 675 1029 quidemn
706 974 882 1016 moverit
924 976 975 1014 ad
1016 975 1309 1013 destruendum
1351 973 1430 1012 hoc
1472 973 1583 1024 quod
1623 971 1737 1023 prius
1775 973 1943 1023 propter

217 1041 558 1093 inportunitatem
600 1041 774 1094 maligni
816 1043 855 1081 et
896 1039 1198 1092 separationem
1238 1038 1326 1091 ipse
1369 1039 1611 1077 extruxerat.
1671 1036 1779 1084 Quid
1814 1036 1943 1076 iratus

218 1109 290 1146 aut
320 1106 420 1159 quid
452 1106 590 1147 damni
619 1120 837 1159 perpessus
875 1108 1092 1146 adversum
1131 1119 1173 1144 se
1214 1104 1301 1156 ipse
1343 1115 1527 1156 pugnare
1569 1100 1808 1142 contendit?
1858 1102 1944 1141 Aut

174 1181 189 1213 ἵ
219 1173 422 1224 numquid
452 1174 500 1212 de
530 1172 703 1225 maligni
739 1170 1008 1212 facultatibus
1049 1170 1208 1222 aliquid
1251 1168 1510 1221 concupivit?
1561 1167 1679 1215 Quod
1721 1167 1755 1207 si
1796 1167 1944 1207 horum

219 1237 322 1277 nihil
352 1237 393 1276 in
425 1251 546 1278 causa
583 1241 645 1279 est
681 1240 757 1278 deo
788 1236 1026 1278 destruendi
1062 1250 1108 1276 ea
1139 1250 1243 1287 quae
1274 1235 1514 1274 iamdudum
1546 1235 1597 1273 ad
1628 1232 1889 1273 alienandum
1921 1246 1944 1272 a

219 1317 261 1343 se
277 1306 322 1343 ‘et
344 1305 615 1355 separandum
636 1303 790 1343 malum
811 1303 898 1355 ipse
922 1303 1217 1350 construxerat,
1231 1300 1335 1340 illud
1355 1314 1430 1340 nec
1452 1299 1602 1339 mirum
1622 1300 1852 1350 putandum
1874 1300 1943 1348 est,

220 1370 330 1420 quod
352 1369 545 1409 societate
568 1369 654 1409 eius
677 1370 776 1409 deus
800 1372 839 1408 et
861 1368 1069 1408 consortio
1092 1366 1217 1406 fuerit
1238 1365 1479 1413 delectatus,
1509 1363 1685 1405 munitio
1708 1364 1817 1404 enim
1840 1377 1944 1416 quae

219 1433 343 1474 missa
373 1434 507 1474 fuerat
536 1437 705 1487 propter
734 1435 822 1484 hoc,
853 1449 904 1474 ne
935 1433 1021 1474 eius
1051 1431 1284 1473 molestiam
1310 1433 1529 1483 pateretur,
1559 1430 1713 1470 idcirco
1736 1430 1944 1470 destructa

220 1499 435 1548 videbitur,
468 1501 664 1553 quoniam
694 1515 777 1541 non
806 1499 888 1540 iam
918 1498 1128 1547 molestus,
1158 1499 1230 1537 sed
1259 1498 1416 1537 amicus
1445 1496 1533 1536 fore
1554 1495 1778 1548 putabitur.
1826 1494 1945 1543 Quod

221 1565 255 1604 si
285 1579 307 1604 a
337 1565 521 1619 maligno
552 1580 717 1606 murum
748 1566 859 1606 dicas
892 1580 978 1606 esse
1009 1566 1277 1611 destructum,
1309 1563 1516 1615 quomodo
1547 1563 1721 1614 possunt
1751 1559 1851 1601 boni
1882 1559 1947 1600 dei

222 1645 346 1683 opera
377 1646 400 1671 a
428 1631 611 1686 maligno
642 1631 854 1684 superari?
895 1631 1082 1683 alioquin
1118 1629 1265 1670 fortior
1298 1621 1374 1668 de‘o
1403 1627 1635 1668 invenietur
1664 1625 1848 1679 maligna
1876 1639 1946 1665 na-

221 1700 324 1737 tura.
382 1696 598 1745 Quomodo
629 1700 668 1738 et
697 1697 795 1749 ipse,
827 1712 920 1737 cum
951 1696 1004 1736 sit
1033 1695 1200 1736 omnino
1231 1696 1343 1735 totus
1374 1693 1576 1740 tenebrae,
1606 1691 1690 1732 luci
1711 1691 1948 1744 supervenit

224 1765 263 1802 et
305 1763 618 1815 conprehendit,
667 1762 922 1815 euangelista
963 1760 1248 1802 testimonium
1297 1759 1452 1799 ferente
1501 1757 1597 1811 quia
1645 1761 1714 1797 lucc
1761 1759 1860 1796 lucet
1903 1758 1945 1795 in

224 1831 387 1868 tenebris
416 1835 448 1868 et
480 1831 647 1868 tenebrae
677 1843 759 1868 eam
791 1844 872 1868 ozon
902 1829 1285 1878 conprehenderunt.?
1327 1824 1544 1872 Quomodo
1567 1836 1710 1864 caecus
1741 1823 1947 1862 armatur?

225 1894 441 1942 Quomodo
484 1895 676 1934 tenebrae
713 1896 907 1934 adversus
949 1892 1054 1933 lucis
1096 1904 1268 1944 regnum
1310 1889 1532 1930 dimicant?
1582 1887 1698 1928 Sicut
1739 1887 1847 1927 enim
1888 1886 1947 1926 in·
2002 1900 2010 1910 ·

223 1958 387 2000 beccilli
429 1959 539 2001 oculi
569 1959 667 2000 solis
698 1960 834 2000 radios
864 1960 907 1999 in
937 1972 979 1998 se
1021 1958 1202 2011 recipere
1232 1971 1315 1997 non
1344 1957 1534 2008 possunt,
1576 1954 1634 1994 ita
1677 1956 1717 1993 et
1746 1953 1813 1992 hic
1843 1951 1948 1992 ferre

224 2039 307 2065 non
337 2024 447 2066 valet
475 2026 594 2079 regni
624 2025 729 2066 lucis
758 2025 966 2074 intuitum,
998 2024 1069 2063 sed
1098 2024 1236 2063 manet
1266 2035 1427 2073 semper
1457 2023 1673 2060 extraneus
1710 2021 1750 2058 et
1779 2017 1948 2058 alienus.

333 2090 512 2131 XXVIII
543 2090 706 2143 (XXV).
757 2090 911 2130 MANEs
946 2103 1088 2130 Drxrcr:
1137 2086 1236 2128 Non
1278 2100 1418 2128 omnes
1461 2085 1630 2137 capiunt
1665 2083 1837 2124 verbum
1873 2082 1949 2133 dei,

226 2159 296 2197 sed
327 2156 478 2209 quibus
509 2159 649 2198 clatum
680 2159 741 2198 est
771 2156 875 2197 scire
905 2155 1102 2209 mysteria
1137 2152 1255 2207 regni
1296 2151 1512 2192 caelorum.
1569 2150 1623 2190 Et
1663 2151 1744 2190 iam
1783 2149 1950 2202 quidem

225 2223 309 2263 scio
342 2223 413 2275 qui
443 2222 523 2263 sint
553 2222 700 2271 nostri3
730 2237 835 2262 meae
866 2222 985 2272 enim,
1015 2219 1164 2273 inquit,
1195 2233 1281 2258 oves
1300 2232 1427 2257 vocem
1450 2231 1574 2257 meam
1594 2218 1773 2256 audiunt.
1822 2214 1949 2266 Prop-

225 2291 287 2329 ter
317 2291 479 2329 nostros
511 2300 621 2341 ergo,
652 2288 801 2341 quibus
832 2289 952 2327 datus
984 2288 1045 2326 est
1070 2284 1256 2325 veritatis
1277 2282 1524 2332 intellectus,
1556 2296 1628 2334 per
1659 2280 1950 2322 similitudines

227 2354 372 2394 dicam.
426 2353 580 2394 Similis
603 2357 664 2394 est
682 2353 891 2405 malignus
912 2352 1034 2401 leoni,
1066 2350 1138 2403 qui
1166 2351 1353 2402 inrepere
1383 2347 1472 2388 vult
1493 2348 1610 2401 gregi
1629 2347 1728 2387 boni
1756 2344 1950 2398 pastoris3

229 2421 341 2472 quod
371 2433 463 2459 cum
493 2422 634 2471 pas-tor
664 2419 823 2470 viderit,
854 2417 961 2459 fodit
990 2418 1152 2458 foveam
1181 2415 1391 2468 ingentem
1423 2416 1462 2453 et
1492 2415 1541 2453 de
1563 2425 1686 2466 grege
1707 2411 1804 2452 tulit
1823 2425 1949 2451 unum

229 2485 378 2525 hedum
410 2487 449 2524 et
479 2485 647 2524 iactavit
678 2485 720 2523 in
750 2484 923 2532 foveam,
955 2497 1077 2536 quem
1098 2481 1163 2521 leo
1184 2481 1377 2520 invadere
1399 2478 1644 2526 desiderans,
1676 2492 1768 2518 cum
1790 2477 1950 2529 ingenti

341 2560 390 2594 24
416 2559 495 2595 Joh.
524 2562 550 2594 1,
576 2562 595 2594 5
621 2580 662 2582 —
688 2559 738 2594 29
765 2559 894 2593 Matth.
921 2559 972 2600 19,
998 2560 1039 2592 11
1067 2556 1143 2590 und
1167 2557 1216 2596 13,
1245 2557 1283 2589 11
1311 2575 1354 2578 Ἠ
1379 2555 1426 2588 31
1454 2553 1533 2588 Joh.
1560 2554 1612 2595 10,
1636 2553 1678 2586 27

348 2626 417 2660 CM

343 2682 365 2716 5
393 2682 482 2730 ΜΛ)
510 2681 596 2715 dicit
620 2681 707 2714 Has.
733 2692 799 2714 von
823 2681 938 2714 elnam
964 2680 1109 2714 Buelzst.
1140 2678 1168 2712 C
1207 2678 1211 2720 Ι
1256 2678 1279 2712 6
1305 2675 1546 2710 substantiam
1574 2674 1644 2708 CM
1683 2674 1687 2716 Ι
1735 2674 1752 2708 7
1780 2672 1952 2717 praeden-

231 2737 326 2771 tibus
357 2737 385 2769 (Ὗ
425 2738 428 2779 Ι
476 2736 525 2770 10
550 2736 660 2780 taces]
686 2747 704 2770 e
728 2747 795 2769 aus
820 2736 832 2769 i
857 2747 945 2769 corr.
977 2736 1024 2770 C2
1066 2736 1071 2778 Ι
1114 2744 1237 2767 manes
1262 2732 1306 2765 M
1345 2732 1347 2774 Ι
1394 2731 1442 2765 13
1469 2729 1633 2774 maligni]
1660 2727 1769 2763 alieni
1794 2728 1837 2761 M
1864 2727 1868 2770 Ι
1904 2727 1953 2762 14

231 2793 408 2837 pei-fessus
428 2792 455 2825 (Ὗ
485 2794 488 2834 Ι
524 2793 571 2827 16
599 2803 751 2835 quaeam
777 2791 910 2825 dudum
930 2791 958 2825 G
987 2792 990 2834 Ι
1025 2791 1070 2825 17
1099 2788 1191 2823 nach
1215 2787 1308 2822 illud
1333 2792 1374 2827 -Ι-
1399 2786 1493 2820 enim
1519 2785 1563 2818 M
1580 2788 1699 2828 spc't'ter
1719 2783 1839 2826 yetilyt
1865 2784 1869 2823 Ι
1904 2783 1952 2818 18

233 2849 421 2892 quod..et
441 2855 482 2885 <
514 2848 542 2881 C
571 2850 575 2889 Ι
609 2848 817 2882 societatem
832 2846 875 2879 M
892 2847 895 2889 Ι
926 2847 977 2881 ⁶20
1007 2844 1199 2888 videbitur]
1225 2854 1293 2877 aus
1317 2842 1499 2876 uideuitur
1525 2852 1612 2874 corr.
1644 2840 1691 2874 02
1721 2839 1726 2882 Ι
1760 2839 1809 2873 26
1831 2837 1951 2872 inbec-

233 2903 320 2947 cilli]
347 2903 452 2937 inbec
477 2903 573 2937 illius
599 2904 633 2946 (b
651 2914 718 2936 aus
736 2914 759 2935 u
778 2903 880 2943 corr.)
901 2902 929 2935 C
957 2902 961 2944 Ι
995 2901 1041 2935 27
1072 2900 1184 2935 oculis
1203 2900 1230 2934 C
1259 2901 1261 2942 Ι
1296 2899 1343 2934 31
1372 2897 1484 2940 meae]
1499 2907 1555 2930 me.
1568 2896 1610 2928 M
1642 2897 1645 2938 Ι
1678 2894 1729 2930 34
1753 2903 1898 2937 gregem
1920 2895 1945 2926 C

1965 251 1982 286 7

1967 910 1990 941 5)

1972 1173 2021 1207 10

1974 1500 2019 1534 11

1976 2348 1997 2382 Ιῧ
