2164 3406
892 158 986 190 Acta
1009 156 1179 191 Archelai
1207 157 1367 191 LXVIII.
1941 164 1992 202 99

261 266 405 308 Maria.
462 266 526 308 Ex
559 267 708 320 quibus
751 270 812 308 est
843 267 1079 317 Cerinthus,
1110 267 1249 309 Ebion
1291 272 1331 309 et
1370 284 1482 309 nunc
1511 268 1702 319 Fotinus,
1741 269 1811 322 qui
1852 283 1995 311 eorum
2024 276 2045 310 5

259 334 437 374 heresim
467 333 726 374 instauravit.
784 333 935 387 Erupit
965 337 1006 375 et
1041 334 1122 375 alia
1159 334 1328 385 heresis,
1361 350 1464 388 quae
1496 334 1732 388 Catafrigae
1763 334 1997 388 appellatur

261 415 308 441 ex
338 399 614 452 promissione
644 399 814 452 spiritus
845 401 987 451 sancti,
1020 415 1144 453 quam
1175 401 1367 441 dominus
1404 400 1585 441 salvator
1615 404 1755 441 noster
1785 400 1997 453 pollicitus

261 468 324 507 est
354 466 510 507 dicens:
541 464 704 506 Vadam
741 469 781 507 et
810 465 938 507 alium
967 466 1225 519 paracletum
1261 467 1427 507 mittam
1457 467 1587 517 vobis,
1618 469 1811 507 adserens
1842 482 1924 507 non
1955 468 1995 507 in

213 535 233 568 5
260 530 472 585 apostolis,
503 532 574 572 sed
603 531 646 571 in
675 531 934 582 Montanum,
965 532 1200 573 Priscillam
1233 536 1272 573 et
1301 532 1588 574 Maximillam.
1638 532 1740 573 Post
1766 533 1838 573 has
1861 534 1996 585 erupit
2024 536 2047 567 (ἱ

258 597 545 647 Manichaeus,
575 600 671 650 post
702 598 996 639 dormitionem
1026 600 1158 640 sancti
1189 599 1383 652 martyris
1415 598 1628 652 Cypriani,
1660 599 1871 639 modicum
1903 602 1997 639 ante

260 663 582 714 Diocletianum,
614 664 686 716 qui
716 663 845 704 alium
866 665 989 704 deum
1011 665 1177 715 bonum,
1209 665 1337 706 alium
1365 664 1522 705 malum
1542 666 1727 706 indicant
1749 668 1789 705 et
1811 666 1996 705 omnium

260 731 455 771 universa
486 743 591 783 quae
622 745 645 769 a
675 744 847 783 corpore
889 733 985 770 sunt
1026 731 1170 771 dicunt
1212 746 1299 772 esse
1338 730 1525 772 Satanae.
1584 731 1720 772 Huius
1763 731 1918 772 heresis
1949 731 1998 771 de

260 795 526 849 Pythagorae
556 795 672 836 fonte
702 794 858 836 libatur
889 799 929 836 et
960 797 1185 837 commixta
1206 798 1381 850 magicis
1404 798 1562 838 artibus
1584 796 1811 850 astrologia
1833 812 1997 850 quoque

192 863 235 897 10
260 864 445 912 utuntur,
476 862 584 902 sicut
614 864 655 901 et
684 862 771 914 ipse
801 860 1063 915 Pythagoras
1095 864 1144 903 de
1174 863 1238 903 his
1269 864 1484 904 exordium
1506 864 1642 904 sumit.
1679 862 1734 903 Et
1754 864 1815 904 uti
1836 864 1999 903 infinita
2030 863 2046 896 7

260 931 536 982 praeteream,
566 942 676 969 nunc
712 929 761 968 de
799 928 918 969 novis
949 929 1162 969 heresibus
1198 929 1380 969 breviter
1409 930 1707 981 increpandum
1739 933 1810 969 est.
1869 928 2000 982 Super

261 995 406 1036 funere
429 993 693 1035 Constantini
724 995 861 1047 erupit
889 994 1044 1035 heresis
1064 995 1245 1036 Arriana
1275 985 1383 1048 apud
1405 994 1713 1044 Alexandriam,
1746 1009 1850 1048 quae
1871 1010 1999 1035 unum

260 1063 422 1114 patrem
453 1062 576 1100 deum
609 1074 706 1111 esse,
738 1059 871 1101 filium
902 1075 1000 1101 vero
1034 1061 1219 1101 eiusdem
1250 1062 1462 1101 dominum
1494 1064 1681 1101 nostrum
1703 1059 1839 1101 lesum
1862 1060 2000 1101 Chris-

261 1130 351 1167 tum
381 1129 422 1167 et
451 1126 645 1179 spiritum
677 1129 868 1167 sanctum
900 1127 1124 1180 adoptione
1155 1141 1241 1167 esse
1273 1126 1407 1167 filium
1437 1142 1520 1167 non
1549 1129 1697 1167 natura
1728 1129 1768 1167 et
1799 1130 2000 1180 quantum

193 1196 235 1229 15
261 1193 415 1233 distare
446 1192 549 1233 dicit
579 1191 713 1233 filium
745 1208 768 1232 a
797 1195 915 1246 patre
945 1195 1108 1233 tantum
1139 1207 1281 1234 rursus
1313 1193 1414 1234 dicit
1436 1208 1458 1232 a
1479 1191 1566 1233 filio
1595 1193 1789 1245 spiritum
1812 1194 2006 1246 separari.

262 1258 377 1299 Haec
407 1259 450 1299 in
486 1258 567 1299 tria
605 1258 818 1299 scinditur.
876 1258 1109 1299 Eunomius
1142 1260 1317 1312 quippe,
1349 1275 1372 1299 a
1404 1274 1484 1312 quo
1516 1261 1718 1299 vocantur
1748 1257 2002 1298 Eunomiani
2026 1257 2048 1292 S

260 1325 472 1366 audaciter
501 1323 763 1377 proclamant
793 1327 834 1365 et
863 1324 1004 1373 libere,
1037 1324 1147 1378 quod
1179 1340 1356 1378 quorum
1379 1325 1539 1366 diversa
1569 1328 1717 1365 natura
1739 1326 1810 1374 est,
1843 1323 1999 1364 similes

260 1406 328 1432 eos
361 1405 448 1432 esse
477 1405 561 1431 non
582 1404 713 1443 posse,
743 1391 885 1444 itaque
907 1390 1040 1431 filium
1064 1394 1104 1431 et
1130 1394 1301 1444 patrem,
1334 1392 1530 1445 quoniam
1551 1391 1720 1431 alterius
1743 1391 1999 1431 substantiae

260 1460 406 1507 essent,
437 1456 661 1497 dissimiles
693 1471 789 1497 esse.
848 1457 1118 1498 Macedonius
1150 1472 1263 1509 vero,
1295 1473 1317 1497 a
1349 1473 1430 1511 quo
1465 1460 1666 1498 vocantur
1696 1456 2000 1508 Macedoniani,
2024 1458 2048 1492 9

191 1525 234 1559 20
261 1523 332 1576 qui
363 1523 489 1563 etiam
518 1522 689 1563 Arriani
718 1526 1022 1576 nuncupantur,
1053 1524 1127 1564 sub
1159 1524 1358 1576 inpietate
1388 1524 1587 1576 pietatem
1614 1523 1807 1563 videntur
1836 1522 2000 1572 inferre,

259 1591 305 1629 ut
335 1589 476 1629 dicant
506 1588 685 1629 similem
717 1603 805 1630 esse
836 1589 970 1630 filium
999 1590 1125 1642 patri3
1157 1592 1197 1630 et
1225 1590 1269 1630 in
1299 1604 1346 1630 eo
1368 1588 1566 1630 differunt
1594 1590 1644 1629 ab
1665 1588 1866 1637 Arrianis,
1889 1590 2000 1641 quod

258 1655 429 1695 Arriani
459 1654 591 1695 filium
623 1654 803 1695 similem
832 1656 942 1708 patri
968 1656 1123 1706 dicunt,
1153 1655 1445 1697 Macedoniani
1466 1670 1574 1706 vero,
1604 1658 1650 1695 ut
1671 1654 1765 1707 plus
1787 1654 1823 1694 ei
1846 1655 2000 1694 donare

258 1722 495 1770 videantur,
528 1720 709 1761 similem
745 1722 890 1762 dicunt
932 1736 1019 1762 esse
1059 1736 1134 1775 per
1170 1723 1320 1763 omnia.
1379 1721 1460 1762 Sed
1491 1725 1532 1762 et
1562 1736 1631 1762 eos
1662 1720 1781 1760 dolus
1813 1723 1853 1760 et
1883 1719 1999 1773 lapsa
2028 1719 2079 1753 10

262 1787 381 1840 quasi
409 1787 543 1840 pietas
573 1787 745 1840 detegit,
778 1801 871 1828 cum
902 1788 1027 1828 etiam
1058 1788 1183 1829 homo
1205 1789 1255 1828 ad
1283 1788 1511 1841 imaginem
1534 1790 1574 1828 et
1594 1786 1912 1827 similitudinem
1934 1787 2000 1826 dei

196 1859 239 1893 25
266 1853 457 1893 conditus
489 1853 553 1893 sit.
601 1852 801 1894 Extrema
821 1856 884 1894 est
903 1854 1059 1894 heresis
1082 1854 1348 1907 Apollinaris,
1380 1869 1485 1908 quae
1508 1857 1610 1907 quot
1635 1853 1824 1893 homines
1847 1853 2002 1893 habent

264 1921 327 1959 tot
367 1933 497 1972 paene
539 1920 777 1961 sententias.
833 1918 1027 1961 Necdum
1069 1921 1179 1961 enim
1220 1921 1329 1961 inter
1370 1935 1439 1961 eos
1470 1922 1681 1961 decretum
1713 1923 1790 1970 est,
1820 1920 1864 1960 in
1896 1934 2001 1973 quae

266 1985 384 2038 quasi
413 1999 490 2038 pro
522 1988 633 2026 certo
665 1988 705 2026 et
735 1988 890 2027 statuto
921 1985 1281 2039 blasphemabunt.
1330 1986 1418 2026 Alii
1449 1987 1592 2027 dicunt
1621 2001 1695 2027 nec
1727 2000 1894 2027 sensum
1923 2001 2000 2027 nec
2028 1981 2075 2015 ll

265 2051 445 2091 animam
474 2051 699 2092 humanam
727 2052 920 2092 habuisse
947 2052 1162 2093 dominum
1182 2055 1370 2093 nostrum
1390 2051 1528 2093 Iesum
1549 2051 1770 2092 Christum.
1803 2051 1882 2100 Qui
1903 2066 2000 2092 vero

266 2117 506 2158 audaciores
537 2120 649 2166 sunt,
687 2118 812 2158 etiam
844 2132 992 2171 corpus
1022 2118 1135 2159 illius
1163 2118 1222 2159 sic
1242 2119 1292 2159 de
1312 2118 1445 2158 Maria
1476 2118 1741 2168 confitentur,
1772 2120 1819 2158 ut
1848 2117 2000 2158 nihilo-

196 2188 240 2223 30
265 2183 401 2223 minus
433 2184 558 2223 etiam
587 2183 667 2224 hoc
703 2185 752 2224 de
783 2183 1030 2225 caelestibus
1062 2185 1285 2226 vindicent.
1340 2183 1546 2225 Nonnulli
1577 2184 1758 2224 animam
1790 2186 1830 2224 et
1852 2198 2000 2236 corpus

264 2250 555 2290 tantummodo
585 2249 841 2302 profitentes,
871 2265 1055 2301 sensum,
1092 2251 1136 2291 id
1174 2253 1237 2291 est
1265 2253 1465 2300 mentem,
1501 2252 1665 2303 negant.
1724 2249 1806 2290 Sed
1834 2250 1936 2290 istos
1967 2250 2001 2289 si
2029 2255 2077 2289 12

266 2315 518 2364 discusseris,
549 2317 590 2355 et
619 2315 801 2356 animam
832 2319 872 2357 et
902 2331 1050 2370 corpus
1080 2317 1286 2370 incipiunt
1307 2318 1512 2369 denegare
1534 2319 1574 2356 et
1595 2316 1738 2356 dicunt
1766 2330 1841 2369 pro
1864 2316 2001 2356 anima

264 2380 587 2422 inhabitatorem
608 2381 736 2422 fuisse
757 2383 929 2423 verbum
951 2384 1090 2431 deum3
1113 2385 1153 2423 et
1174 2384 1272 2424 dum
1286 2382 1432 2424 volunt
1452 2382 1752 2422 humanitatem
1773 2382 1815 2422 in
1836 2381 2000 2423 Christo

378 2480 402 2515 4
429 2479 508 2515 Joh.
536 2481 588 2523 14,
615 2481 698 2515 ieff.
725 2481 801 2514 2ch
824 2481 878 2524 16,
904 2481 947 2515 es

380 2569 426 2603 M

379 2649 399 2683 1
429 2647 613 2683 cherintus
638 2649 683 2682 M
710 2649 715 2692 Ι
748 2649 770 2683 2
798 2648 956 2682 Mereati
976 2649 1111 2683 meelate
1136 2650 1230 2684 mecla
1255 2649 1460 2694 appellatur
1490 2648 1785 2692 iozteafflcnyz'eren
1809 2649 1885 2682 und
1907 2650 2001 2683 nacla

267 2704 435 2739 adserens
449 2704 500 2747 (Z.
513 2705 548 2747 4)
573 2715 661 2740 usqe.
693 2707 780 2739 elfeca
807 2704 960 2739 eundem
993 2705 1245 2750 (paracletum)
1275 2705 1467 2739 missurum
1498 2715 1572 2738 esse
1596 2707 1774 2747 fflyc'lmen
1819 2705 1822 2748 Ι
1867 2705 1890 2739 5
1917 2717 1998 2749 apo-

266 2760 384 2804 stolis]
402 2760 574 2795 vielleielzt
597 2772 647 2794 mc
671 2761 857 2805 apostolos
880 2772 930 2795 mc
955 2773 1042 2796 corr.
1077 2763 1081 2805 Ι
1119 2763 1135 2797 7
1157 2762 1411 2796 dioclitianum
1424 2761 1469 2794 M
1485 2762 1488 2804 Ι
1510 2760 1683 2804 omnium]
1698 2771 1844 2805 operum
1866 2760 2000 2794 Selzb'ue

267 2816 270 2859 Ι
311 2817 335 2850 9
361 2817 537 2861 pytagore
550 2816 595 2849 M
621 2817 626 2860 Ι
659 2816 857 2862 astrologie
869 2816 919 2859 M,
945 2829 1012 2851 von
1030 2817 1197 2851 Plenlcers
1214 2818 1402 2852 verbessert
1434 2819 1438 2857 Ι
1473 2818 1522 2852 14
1548 2816 1713 2861 spiritum
1740 2827 1842 2850 suum
1859 2816 1908 2859 ill,
1935 2828 1998 2850 von

271 2872 405 2906 Traube
424 2872 620 2915 verbessert,
645 2873 814 2906 Plenlcers
837 2873 915 2907 und
942 2873 1078 2907 Tarne)-
1100 2874 1262 2907 wzb'clzten
1286 2874 1380 2908 diese
1396 2873 1513 2907 IVorte
1528 2874 1577 2917 (et
1591 2884 1640 2917 sp.
1655 2884 1705 2906 su.
1719 2872 1866 2915 Tem-ner)
1892 2873 1998 2916 tsz'lqen

267 2928 271 2971 Ι
307 2929 356 2963 16
378 2927 557 2962 exciditur
574 2928 618 2961 M
633 2928 637 2971 Ι
661 2929 708 2964 21
730 2929 779 2973 et]
795 2930 833 2963 at
848 2928 984 2963 Selzb'oze
1032 2930 1080 2964 2?
1098 2940 1164 2973 pro
1179 2930 1318 2964 certum
1336 2931 1372 2964 et
1389 2931 1487 2964 statu
1507 2929 1557 2971 Jl,
1577 2940 1643 2962 von
1664 2928 1795 2962 Traube
1811 2928 2000 2963 verbesserff

1674 2986 1720 3019 7*
