2164 3406
106 874 149 909 10

108 1208 149 1240 15

103 1539 147 1574 20

102 2195 146 2230 30

771 167 862 199 Actu
887 165 1053 199 Archelai
1083 165 1118 198 Ll
1131 166 1264 199 v—Lv
1275 167 1295 198 l.
1853 174 1896 213 81

176 277 230 318 Et
272 278 337 317 dic
379 279 518 317 utrum
560 278 609 317 de
640 275 787 328 Ioseph
831 278 1016 329 generati
1059 282 1155 318 sunt
1197 283 1267 318 aut
1309 294 1354 318 ex
1394 282 1537 320 eodem
1569 281 1717 333 spiritu
1748 284 1903 321 sancto.

176 342 288 397 Ergo
321 345 360 382 et
390 342 544 383 multos
576 341 763 383 Christos
795 343 1025 391 habuimus,
1058 344 1091 384 si
1114 358 1161 383 ex
1184 346 1327 384 codem
1350 346 1498 398 spiritu
1520 349 1661 385 sans-to
1685 350 1903 398 generatos

176 409 339 449 dixeris.
397 407 516 456 Quod
548 409 582 449 si
612 423 694 449 non
727 424 773 449 ex
807 411 949 449 eodem
982 410 1141 462 spiritu,
1173 412 1244 449 sed
1275 413 1412 451 tamen
1445 412 1596 451 dixeris
1633 426 1726 451 011111
1757 412 1904 452 fratres

175 475 379 524 habuisse,
411 475 497 515 sine
519 475 645 515 dubio
668 475 994 529 intellegendum
1016 479 1077 516 est
1105 477 1201 529 quia
1231 479 1326 529 post
1346 478 1549 530 spiritum,
1580 481 1674 530 post
1696 477 1903 518 Gabrihel.

129 544 143 575 Ξ
175 541 361 594 nupserit
392 540 540 593 Ioseph
573 542 690 593 virgo
723 542 956 582 castissima
988 545 1027 581 et
1057 541 1307 583 inmaculata
1340 543 1521 584 ecclesia.
1566 543 1684 592 Quod
1716 546 1750 584 si
1782 545 1904 584 etiam

175 608 253 648 hoc
283 607 508 647 absurdum
541 610 602 647 est
633 608 800 647 omnino
833 622 921 648 eam
954 606 1142 661 quolibet
1171 610 1294 648 modo
1328 609 1600 650 concubuisse
1631 625 1724 650 cuin
1746 609 1904 663 Ioseph,

174 673 240 713 dic
270 687 322 712 an
353 672 501 713 fratres
523 673 724 714 habuerit.
756 671 1070 727 Numquidnam
1093 675 1217 714 etiam
1239 676 1449 716 moechiae
1472 676 1508 716 ei
1530 677 1686 717 crimen
1710 677 1904 730 inpingis,

174 754 196 779 o
228 739 550 792 prudentissime
580 737 802 780 Marcelle?
861 738 978 787 Quod
1010 741 1045 779 si
1074 740 1222 781 horum
1253 739 1356 781 nihil
1388 742 1581 782 convenit
1606 743 1904 783 incontamina-

173 807 238 845 tae
268 805 433 858 virgini,
465 807 573 846 unde
604 806 640 846 ei
672 805 799 846 fuisse
831 806 981 847 fratres
1023 807 1229 847 adstruis?
1288 806 1408 855 Quod
1445 808 1479 847 si
1516 807 1667 849 fratres
1710 809 1747 848 ei
1776 808 1904 849 fuisse

173 885 257 912 non
297 873 415 924 potes
459 873 645 918 edocere,
684 874 892 925 quomodo
926 871 1057 912 Maria
1099 874 1231 912 mater
1262 873 1348 913 eius
1379 874 1471 921 erit,
1503 874 1610 915 sicut
1640 875 1698 914 ait
1726 874 1797 914 ille
1835 875 1906 927 qui

174 936 353 977 scribere
384 952 507 977 ausus
540 940 620 977 est:
653 941 747 979 Eece
777 949 898 979 «11111101-
927 949 995 978 tua
1023 945 1057 978 et
1084 941 1226 989 fratres
1256 942 1316 979 tui
1335 943 1433 990 foris
1453 944 1586 979 siant?
1635 939 1753 988 Quod
1782 941 1905 980 etiam

174 1004 208 1043 si
239 1002 309 1044 ille
340 1017 464 1043 ausus
496 1005 557 1043 est
588 1004 740 1053 dicere,
771 1003 845 1045 illo
875 1005 967 1057 ipso
998 1005 1209 1057 potentior
1239 1008 1311 1045 aut
1340 1006 1472 1045 maior
1503 1020 1591 1046 esse
1617 1020 1738 1046 nemo
1769 1009 1907 1058 potest

175 1069 246 1122 qui
289 1070 470 1110 ostendit
511 1069 632 1110 nobis
674 1072 849 1110 matrem
892 1072 964 1110 aut
1004 1070 1152 1111 fratres
1189 1085 1301 1119 suos;
1338 1073 1410 1112 scd
1448 1074 1488 1111 et
1519 1071 1655 1112 David
1684 1071 1793 1112 Iesse
1823 1087 1907 1113 non

175 1135 370 1188 dignatur
401 1134 554 1175 audire.
598 1135 829 1188 Apostolus
851 1135 998 1176 Petrus
1021 1136 1319 1189 discipulorum
1348 1138 1534 1178 omnium
1556 1138 1905 1178 eminentissimus

174 1203 273 1242 tunc
302 1213 527 1254 agnoscere
564 1216 657 1242 eum
695 1202 847 1254 potuit,
885 1216 979 1242 cum
1015 1201 1172 1255 singuli
1208 1203 1425 1255 opiniones
1467 1218 1561 1243 suas
1600 1217 1703 1256 quas
1735 1205 1783 1243 de
1813 1204 1905 1256 ipso

174 1267 384 1307 habebant
418 1270 672 1320 promerent,
713 1267 785 1308 ait:
822 1272 877 1308 Tu
905 1283 944 1308 es
975 1270 1160 1309 Christus
1188 1271 1301 1319 filius
1329 1270 1390 1308 dez·
1417 1271 1505 1316 vivi,
1537 1271 1577 1308 et
1606 1269 1747 1309 statim
1778 1269 1906 1309 beati-

173 1333 271 1373 ficat
302 1348 395 1373 eum
417 1333 575 1373 dicens:
607 1337 807 1380 Quoniam
835 1337 1013 1374 revelavit
1043 1336 1111 1374 tibi
1131 1341 1244 1386 pateo·
1263 1350 1375 1375 meus
1393 1338 1572 1375 caelestis.
1621 1334 1729 1376 Vide
1752 1338 1905 1388 quanta

174 1398 226 1439 sit
257 1397 491 1439 differentia
527 1413 669 1440 eorum
708 1414 813 1452 quae
850 1401 900 1440 ab
932 1399 1025 1441 10311
1072 1400 1183 1441 dicta
1217 1403 1322 1441 sunt.
1381 1399 1449 1440 Illi
1485 1401 1595 1441 enim
1625 1402 1697 1454 qui
1727 1400 1903 1441 dixerat:

173 1468 269 1505 Eece
297 1471 420 1505 mater
448 1475 513 1505 tua
543 1468 646 1516 foris
670 1472 755 1516 stat,
785 1467 1016 1519 respondit:
1045 1469 1150 1513 Quae
1180 1469 1282 1506 mim·
1310 1473 1365 1506 est
1389 1477 1511 1507 mater
1539 1473 1609 1507 azot
1637 1470 1809 1518 fratres?
1852 1466 1905 1507 Ei

174 1533 313 1571 autem
344 1531 416 1583 qui
447 1531 567 1572 dixit:
603 1534 657 1571 Tu
687 1547 726 1572 es
761 1534 943 1573 Clu-«istus
973 1535 1084 1583 silius
1113 1535 1174 1572 dei
1200 1535 1291 1581 vivi,
1321 1533 1620 1573 beatitudinem
1651 1532 1904 1574 benedictio-

171 1611 350 1650 nemque
381 1596 572 1638 restituit.
631 1596 674 1638 Si
707 1609 806 1651 ergo
837 1599 886 1638 de
917 1598 1050 1638 Maria
1079 1599 1140 1639 vis
1172 1612 1259 1639 esse
1291 1613 1384 1638 eum
1411 1601 1565 1649 natum,
1596 1599 1796 1639 mentitur
1815 1598 1904 1651 ipse

172 1676 267 1703 cum
298 1661 437 1709 Petr03
476 1663 510 1703 si
540 1665 678 1703 autem
708 1677 852 1704 verum
885 1663 986 1704 dicit
1016 1663 1181 1712 Petrus,
1218 1664 1306 1705 sine
1336 1664 1462 1705 dubio
1494 1664 1565 1704 ille
1600 1665 1715 1718 prior
1744 1665 1903 1705 fefellit.

172 1728 293 1778 Quod
323 1729 357 1769 si
386 1729 500 1782 prior
529 1728 690 1779 fefellit,
721 1743 845 1770 causa
873 1731 925 1769 ad
956 1731 1204 1783 scriptorem
1234 1730 1444 1771 reicienda
1474 1733 1546 1771 est.
1604 1729 1746 1771 Unum
1775 1730 1904 1783 igitur

171 1794 383 1836 Christum
412 1808 487 1835 nos
524 1795 676 1836 scimus
707 1809 796 1836 esse
826 1797 1051 1837 secundum
1082 1796 1321 1849 apostolum
1351 1795 1546 1847 Paulum,
1577 1795 1693 1837 cuius
1731 1796 1901 1837 vocibus

171 1860 375 1901 credimus
406 1859 732 1902 consonantibus
763 1862 979 1901 dumtaxat
1008 1862 1204 1902 adventui
1236 1861 1335 1903 eius.

279 1925 373 1967 LVI
403 1925 620 1977 (XLVIII).
678 1925 756 1967 His
787 1926 939 1967 auditis
979 1926 1126 1967 turbae
1162 1930 1374 1980 permotae
1410 1929 1520 1975 sunt,
1551 1927 1664 1968 velut
1698 1927 1901 1970 rationem

169 1992 353 2034 veritatis
385 1991 693 2033 continentibus
736 1996 776 2033 et
804 1992 1010 2034 Archelao
1046 1992 1106 2032 nil
1146 1993 1324 2034 habente
1356 1995 1467 2046 quod
1502 1994 1565 2034 his
1601 1997 1742 2047 posset
1772 2009 1900 2046 oppo-

169 2073 284 2106 nere;
313 2058 391 2098 hoc
413 2057 521 2098 enim
542 2057 742 2099 indicavit
760 2057 977 2108 tumultus,
1008 2059 1081 2111 qui
1107 2058 1216 2099 inter
1236 2073 1305 2100 eos
1326 2058 1463 2100 fuerat
1484 2063 1661 2100 exortus.
1704 2059 1784 2100 Sed
1806 2074 1899 2100 cum

169 2123 394 2165 multitudo
426 2124 746 2177 conquievisset,
777 2123 1008 2164 Archelaus
1039 2124 1119 2165 hoc
1147 2126 1271 2166 modo
1308 2125 1541 2178 respondit:
1573 2124 1699 2166 Vocis
1732 2126 1899 2178 quidem

171 2190 330 2231 domini
359 2190 490 2231 nostri
520 2189 614 2230 Iesu
645 2189 799 2231 Christi
829 2189 968 2230 nullus
998 2189 1152 2243 poterit
1182 2205 1270 2231 esse
1299 2191 1525 2243 potentior,
1561 2190 1596 2231 si
1626 2190 1735 2231 enim
1765 2205 1899 2243 neque

169 2270 322 2297 nomen
352 2255 524 2308 aliquod
554 2255 725 2309 aequale
757 2255 794 2295 ei
824 2270 912 2296 esse
941 2255 1159 2305 invenitur,
1185 2262 1346 2308 propter
1376 2259 1481 2308 qaod
1499 2260 1593 2298 (leus
1612 2272 1699 2297 eum
1722 2259 1901 2297 emanavit

169 2329 203 2362 et
231 2325 389 2362 donavit
423 2324 484 2362 illa·
517 2336 661 2363 nomen
692 2325 797 2374 quod
824 2329 881 2362 est
914 2336 1031 2373 super
1060 2337 1174 2362 omne
1202 2337 1362 2372 nomen,
1402 2336 1536 2376 neque
1577 2322 1621 2362 in
1660 2322 1898 2363 testimonio

285 2442 335 2476 13
360 2441 491 2475 Matth.
517 2442 570 2481 22,
596 2441 640 2475 42
664 2461 707 2466 —
734 2442 846 2483 lsss‘lr
875 2441 1008 2475 Matth.
1034 2441 1088 2479 16,
1114 2442 1156 2476 16
1180 2460 1223 2464 —
1249 2441 1297 2475 31
1325 2441 1419 2474 Phil.
1446 2442 1475 2482 2,
1501 2442 1521 2476 9

287 2552 359 2586 ΟΜ

283 2652 306 2686 2
343 2651 536 2686 habuimus
572 2651 667 2685 nach
703 2650 835 2684 dixeris
859 2650 909 2694 (Z.
935 2651 968 2694 3)
996 2651 1223 2694 qeselzrieben
1251 2651 1280 2685 O
1321 2651 1325 2693 Ι
1371 2652 1393 2685 3
1431 2651 1589 2684 dixerint
1628 2651 1657 2685 O
1698 2651 1701 2693 Ι
1747 2651 1832 2694 quid
1873 2650 1902 2684 O

170 2707 173 2749 Ι
218 2707 240 2741 5
266 2706 429 2750 ecclesia]
456 2707 535 2748 tilae}
555 2703 764 2741 Oblasiziskc·
807 2707 810 2749 Ι
855 2708 878 2741 9
905 2708 1042 2740 astrues
1072 2707 1102 2741 Ο
1142 2707 1146 2749 Ι
1194 2707 1243 2741 10
1268 2706 1362 2740 azaele
1387 2706 1566 2750 quomodo
1594 2712 1635 2746 -Ι-
1660 2707 1703 2740 (10
1730 2706 1899 2749 (ιἰἵῦενιῖίεε

168 2762 261 2796 Zeila
281 2761 518 2807 qesolzrieben)
548 2763 597 2797 02
634 2763 639 2805 Ι
675 2761 802 2806 maria]
829 2773 896 2796 aus
920 2762 1072 2797 mariam
1097 2773 1186 2795 corr.
1217 2762 1267 2797 02
1309 2763 1313 2805 Ι
1359 2762 1406 2796 11
1433 2762 1543 2805 stant]
1570 2762 1691 2796 stata.
1710 2762 1798 2795 Has.
1828 2762 1857 2797 G
1894 2788 1897 2805 Ι

171 2818 221 2852 13
259 2817 382 2851 dauidi
417 2829 493 2852 esse
528 2818 574 2851 M
623 2819 627 2860 Ι
684 2818 732 2852 18
760 2817 926 2851 dixerant
960 2817 990 2852 Ο
1030 2819 1034 2861 Ι
1079 2818 1129 2852 ‘22
1157 2817 1251 2861 cum]
1277 2828 1359 2851 eum
1388 2818 1418 2852 O
1451 2818 1454 2860 Ι
1501 2818 1550 2851 23
1577 2817 1696 2861 causa]
1725 2818 1899 2859 Zaccrssm',

169 2884 313 2907 causam
343 2873 416 2907 OM
465 2875 469 2916 Ι
527 2874 577 2909 25
603 2872 898 2916 consonantibus]
928 2884 968 2906 w.
994 2884 1020 2906 e.
1052 2872 1124 2906 sela.
1164 2883 1231 2906 aas
1257 2877 1516 2908 consonantem
1551 2884 1640 2906 corr.
1682 2873 1732 2907 Οἳ
1785 2873 1790 2915 Ι
1847 2874 1893 2907 27

168 2928 281 2973 possit
309 2929 338 2963 O
379 2930 383 2971 Ι
428 2929 478 2964 28
505 2929 649 2963 exortus
674 2927 817 2963 fuerant
846 2927 876 2962 Ο
915 2929 920 2971 Ι
966 2928 1017 2962 30
1041 2927 1236 2972 potentior]
1260 2928 1379 2972 potior
1403 2928 1448 2961 M
1484 2930 1488 2971 Ι
1533 2929 1581 2963 31
1609 2928 1704 2972 eum]
1730 2927 1835 2962 illum
1859 2927 1900 2961 M

243 2985 324 3012 Acta
342 2984 500 3013 Archelai.
1599 2984 1620 3019 6

1932 942 1953 976 5

1931 1344 1954 1377 6

1934 1604 1950 1638 ᾸΙ

1926 2137 1947 2171 10
