2164 3406
248 879 289 911 10

248 1206 290 1239 15

312 178 361 217 St)
1056 172 1298 217 Hegemonius

311 283 489 323 hominis
510 283 752 335 ignorantis,
802 283 972 337 Ignoras
996 296 1092 337 ergo
1116 285 1227 336 quod
1248 284 1434 324 futurum
1463 287 1535 325 est.
1585 283 1665 324 Sed
1685 285 1764 325 hoc
1787 286 1897 338 quod
1927 285 2037 326 futu-

312 363 401 388 rum
433 349 502 396 ais,
534 349 723 389 resistere
752 363 817 388 me
848 352 918 389 aut
948 364 1030 389 non
1060 350 1261 398 resistere,
1291 350 1335 389 in
1355 364 1446 389 mea
1467 353 1528 390 est
1556 353 1771 403 potestate.
1821 349 2037 398 Quomodo

312 427 408 466 ergo
440 415 567 454 stabit
597 428 730 454 sermo
760 414 831 454 ille
853 416 1026 454 duarum
1048 415 1257 465 arborum,
1287 415 1330 454 111
1363 429 1443 468 (1110
1475 415 1568 455 fidis
1598 415 1710 456 velut
1741 419 1858 456 scuto
1888 416 2037 457 firmis-

313 480 444 520 simo?
495 479 538 519 Si
569 479 677 519 enim
708 481 936 520 contrariae
957 480 1086 532 partis
1109 492 1186 533 ego
1215 495 1316 529 sum,
1348 481 1556 533 quomodo
1579 481 1883 522 oboedientiam
1904 496 2038 522 meam
2064 486 2086 520 8

312 545 512 598 requiris?
562 544 681 592 Quod
702 545 736 584 si
758 545 1044 585 oboedientiae
1074 546 1116 585 in
1137 560 1202 586 me
1233 548 1294 586 est
1315 560 1440 595 mens,
1474 548 1680 598 quomodo
1711 548 1967 599 pertimescis
1988 562 2038 587 ne

312 611 526 651 resistam?
586 610 659 650 Ais
703 610 810 649 enim
843 610 940 663 quia
981 611 1136 651 malum
1179 625 1340 663 semper
1379 614 1593 663 permanet
1627 611 1783 652 malum
1814 615 1854 653 et
1882 612 2038 653 bonum

313 689 473 727 semper
494 678 705 727 permanet
725 676 892 725 bonum,
914 676 997 715 vim
1018 676 1131 716 verbi
1151 675 1270 716 istius
1291 677 1455 728 penitus
1477 677 1683 729 ignorans.
1719 678 1872 718 MANEs
1893 691 2039 719 DIXIT:
2063 685 2086 718 9

312 739 529 793 Numquid
550 743 589 780 te
611 742 857 780 advocatum
878 756 1064 781 meorum
1095 742 1265 781 adhibui
1287 756 1533 791 sermonum,
1563 746 1609 782 ut
1629 743 1752 783 etiam
1774 757 1888 783 meae
1909 744 2039 784 scien-

313 807 394 846 tiae
424 805 753 858 intellegentiam
786 807 1007 859 disponas?
1045 807 1197 860 quippe
1229 807 1300 860 qui
1331 808 1498 859 propria
1529 807 1748 860 explanare
1778 823 1860 848 non
1890 808 2038 859 valeas,

315 871 522 923 quomodo
560 871 694 912 aliena
729 873 884 924 poteris
923 871 1155 924 explicare?
1214 871 1334 920 Quod
1371 873 1405 912 si
1435 873 1592 913 victum
1626 874 1710 913 iam
1740 888 1783 914 se
1822 874 2040 926 profitetur

313 935 534 983 Diodorus,
564 939 664 977 tunc
693 938 796 977 mihi
826 940 962 978 tecum
994 952 1127 978 sermo
1159 937 1404 979 movebitur.
1455 937 1498 978 Si
1528 940 1665 978 autem
1696 941 1778 979 stat
1807 938 1878 979 ille
1909 942 1949 979 et
1979 943 2041 979 est

314 1003 486 1042 idoneus
517 1003 569 1041 ad
599 1003 828 1052 dicendum,
860 1004 999 1044 desine
1029 1006 1074 1043 tu
1106 1006 1145 1043 et
1166 1003 1251 1044 noli
1281 1004 1523 1056 perturbare
1545 1005 1820 1045 substantiam
1840 1005 2039 1045 veritatis.
2067 1012 2117 1046 10

314 1066 370 1107 Es
403 1068 511 1107 enim
543 1069 630 1108 ovis
662 1067 807 1117 aliena,
839 1068 1033 1109 efficieris
1063 1071 1201 1109 tamen
1232 1071 1376 1121 postea
1406 1069 1448 1108 in
1478 1084 1648 1109 numero
1677 1070 1859 1110 eiusdem
1890 1071 2041 1123 gregis,

316 1134 423 1173 sicut
452 1148 530 1173 vox
561 1132 653 1173 10511
685 1134 876 1184 ostendit,
909 1135 995 1174 eius
1027 1135 1098 1187 qui
1129 1135 1320 1187 adparuit
1342 1135 1509 1187 quidem
1538 1137 1581 1175 in
1607 1135 1786 1175 hominis
1809 1136 1942 1188 specie
1965 1150 2041 1176 nec

315 1202 452 1239 tamen
489 1199 569 1238 fuit
604 1198 740 1240 1101110.
799 1200 1066 1240 AROHELAUS
1095 1212 1238 1239 Dixrr:
1270 1198 1383 1252 Ergo
1421 1215 1504 1241 non
1540 1203 1660 1254 putas
1699 1215 1791 1241 eum
1829 1216 1876 1241 ex
1907 1201 2040 1241 Maria

317 1264 475 1316 virgine
507 1267 620 1304 esse?
678 1265 833 1305 MANEs
862 1278 1007 1305 Dixr'r:
1041 1265 1164 1306 Absit
1192 1268 1238 1306 ut
1269 1266 1482 1305 dominum
1515 1268 1704 1306 nostrum
1734 1266 1870 1307 Iesum
1901 1266 2039 1307 Chris-
2067 1271 2114 1306 11

315 1333 403 1369 111111
444 1344 518 1382 per
558 1330 761 1370 naturalia
804 1332 995 1383 pudenda
1036 1330 1221 1372 mulieris
1263 1332 1521 1372 descendisse
1558 1332 1771 1382 confflem-3
1813 1333 1900 1384 ipse
1932 1334 2041 1372 enim

316 1396 599 1435 testimonium
630 1398 700 1436 dat
731 1396 827 1449 quia
857 1399 900 1436 sle
929 1399 1085 1436 simbus
1106 1399 1238 1448 patris
1267 1399 1464 1436 deseendit.
1514 1395 1584 1438 Et:
1617 1400 1696 1443 Qui
1723 1412 1783 1438 ‘me
1812 1401 1954 1449 recipit,
1984 1414 2041 1438 re-

315 1463 407 1512 cipit
436 1476 522 1501 eum
555 1465 625 1513 qui
658 1477 718 1502 me
754 1465 876 1502 misit.
935 1461 1006 1502 Et:
1048 1465 1140 1502 Non
1167 1465 1255 1502 veni
1287 1466 1410 1513 facere
1439 1466 1672 1502 voluntatem
1702 1478 1828 1503 meam
1863 1467 1930 1504 sed
1956 1467 2041 1504 eius

278 1536 284 1569 ζ
316 1529 385 1577 qui
413 1530 525 1567 misit
551 1542 621 1566 me.
679 1526 749 1567 Et:
781 1531 873 1567 Non
901 1543 993 1567 sum
1021 1531 1172 1567 missus·
1201 1531 1284 1567 nisi
1312 1531 1362 1567 ad
1390 1543 1474 1568 oves
1497 1531 1672 1579 perditas
1701 1531 1841 1569 domus
1870 1532 2040 1570 Istrahel.

318 1592 421 1632 Sunt
452 1596 491 1633 et
513 1592 592 1632 alia
611 1592 828 1632 innumera
849 1594 1087 1633 testimonia
1108 1594 1404 1642 huiuscemodi,
1436 1608 1539 1647 quae
1560 1594 1745 1634 indicant
1767 1609 1859 1634 eum
1880 1595 2040 1636 venisse
2068 1598 2116 1633 12

318 1661 357 1697 et
397 1658 480 1698 non
521 1661 663 1698 natum
707 1672 805 1698 0550.
865 1656 985 1706 Quod
1026 1659 1061 1699 si
1102 1659 1313 1711 potentior
1347 1658 1420 1699 illo
1464 1673 1505 1699 es
1548 1661 1588 1699 et
1622 1659 1756 1711 magis
1788 1659 1892 1699 scire
1922 1660 2041 1710 potes

318 1725 428 1776 quod
458 1738 601 1764 verum
632 1726 703 1772 est,
736 1725 943 1776 quomodo
973 1724 1056 1763 iam
1082 1723 1146 1764 1111
1168 1722 1399 1764 credimus?
1432 1723 1697 1764 ARCHELAUS
1716 1737 1861 1764 DIXIT:
1893 1722 2041 1776 Neque

317 1787 388 1829 1110
419 1790 629 1841 potentior
660 1804 761 1838 sum,
793 1804 933 1829 servus
965 1790 1073 1829 enim
1106 1805 1209 1838 511111,
1242 1792 1281 1830 et
1311 1804 1444 1843 neque
1466 1788 1650 1842 aequa-lis
1673 1790 1829 1830 domini
1851 1790 1932 1830 mei
1954 1803 2041 1830 esse

317 1869 502 1907 possum;
535 1866 610 1907 ego
642 1855 751 1894 enim
773 1869 863 1894 sum
885 1854 1044 1895 inutilis
1066 1870 1220 1906 servus,
1249 1856 1469 1896 verborum
1493 1856 1578 1895 eius
1601 1855 1840 1908 discipulus,
1872 1856 2041 1895 credens

318 1920 380 1959 his
412 1934 515 1972 quae
547 1921 596 1960 ab
627 1921 718 1973 ipso
749 1920 859 1960 dicta
890 1923 996 1969 sunt,
1024 1923 1063 1960 et
1092 1921 1194 1961 haec
1222 1919 1532 1960 indeclinabilia
1563 1935 1650 1961 esse
1681 1920 1892 1961 confirmo.

427 1984 508 2025 LV.
558 1984 712 2025 MANEs
742 1998 884 2026 Drer:
917 1986 1073 2027 Similis
1109 1987 1170 2026 tui
1202 1987 1370 2040 quidam
1409 2001 1501 2026 cum
1533 1987 1569 2026 01
1600 1985 1821 2039 aliquando
1853 1986 2041 2026 dixisset:

316 2053 446 2091 Maria
475 2057 596 2091 mater
627 2058 693 2091 tua
722 2058 757 2091 et
782 2054 925 2102 fratres
955 2056 1013 2092 titi
1040 2055 1141 2102 foris
1170 2063 1282 2102 stant,
1313 2068 1396 2092 non
1416 2051 1594 2092 libenter
1626 2052 1832 2104 accipiens
1856 2066 1948 2092 eum
1970 2051 2042 2104 qui

317 2116 486 2165 dixerat,
516 2117 746 2169 increpavit
777 2117 932 2157 dicens:
967 2120 1070 2164 Quare
1100 2125 1155 2158 est
1182 2124 1305 2158 mater
1333 2133 1419 2158 mea
1448 2124 1518 2157 aut
1546 2120 1618 2168 qui
1646 2127 1738 2157 sum
1765 2120 1906 2168 fratres
1934 2120 2041 2157 mei?

318 2184 357 2221 et
398 2183 578 2222 ostendit
620 2197 688 2222 eos
732 2183 803 2235 qui
844 2182 1028 2223 facerent
1063 2183 1320 2223 voluntatem
1362 2198 1477 2223 suam
1516 2185 1556 2222 et
1590 2185 1743 2223 matres
1774 2183 1853 2223 sibi
1884 2197 1971 2223 esse
2002 2184 2042 2222 et

316 2247 475 2288 fratres.
532 2247 603 2288 Sin
634 2250 771 2288 autem
801 2248 863 2288 vis
894 2251 1068 2289 matrem
1098 2249 1228 2301 ipsius
1260 2249 1394 2289 dicere
1424 2249 1610 2297 Mariam,
1641 2263 1724 2288 non
1755 2251 1816 2289 est
1845 2248 1923 2288 tibi
1953 2248 2040 2288 sine
2066 2256 2088 2290 2

317 2312 521 2365 periculo,
565 2314 652 2354 sine
695 2313 820 2354 dubio
867 2315 975 2354 enim
1018 2315 1142 2355 etiam
1172 2314 1320 2354 fratres
1353 2328 1401 2354 ex
1432 2328 1479 2354 ea
1508 2314 1701 2354 habuisse
1731 2314 2039 2354 monstrabitur.

431 2443 476 2477 18
500 2443 579 2476 Joh.
607 2445 636 2485 1,
664 2445 705 2478 18
731 2445 803 2477 2ch
827 2446 857 2485 3,
883 2444 925 2478 13
957 2465 999 2468 —
1035 2444 1165 2478 Matth.
1192 2444 1246 2483 10,
1270 2445 1324 2478 40.
1365 2444 1453 2477 Luk.
1480 2445 1530 2486 10,
1558 2445 1608 2478 16.
1649 2443 1728 2478 Joh.
1756 2445 1807 2484 13,
1832 2444 1875 2477 20
1910 2463 1952 2466 -
1991 2443 2040 2478 19

318 2498 396 2532 Joh.
422 2500 452 2541 G,
478 2500 520 2533 38
546 2519 587 2523 -
614 2500 664 2533 20
690 2500 819 2533 Matth.
847 2503 898 2543 15,
924 2501 966 2534 24
991 2520 1033 2524 —-
1060 2500 1109 2534 28
1135 2500 1265 2534 Matth.
1291 2502 1343 2542 12,
1367 2501 1420 2533 47.
1461 2500 1576 2533 Mai-k.
1601 2500 1632 2541 3,
1658 2499 1710 2533 32.
1750 2499 1839 2532 Luk.
1864 2500 1894 2539 S,
1919 2499 1963 2533 20

436 2608 505 2642 CM

433 2707 452 2741 1
479 2707 636 2741 hominis
661 2714 703 2745 <
729 2707 773 2740 M
812 2710 815 2749 Ι
861 2709 884 2742 3
910 2708 1060 2742 duorum
1091 2707 1162 2742 OM
1188 2709 1193 2751 Ι
1226 2708 1313 2742 fides
1340 2707 1368 2740 C
1397 2709 1401 2751 l
1445 2709 1461 2742 7
1489 2707 1675 2752 ignorans]
1700 2706 1870 2750 Zaoayui,
1895 2706 2042 2751 ignoras

323 2762 392 2796 OM
433 2764 436 2805 Ι
484 2762 597 2802 11112
626 2764 662 2797 01
687 2765 741 2797 est
764 2763 927 2807 idoneus]
959 2764 1045 2798 testi
1071 2763 1206 2797 doneus
1236 2763 1265 2797 Ο
1293 2765 1296 2807 Ι
1332 2764 1380 2798 13
1407 2763 1584 2807 efficieris]
1604 2763 1776 2806 Zaeaywi,
1802 2762 1953 2796 efficeris
1976 2761 2048 2796 OM

319 2817 321 2860 1
369 2817 417 2851 14
450 2829 519 2851 uox
545 2819 637 2862 Iesu]
675 2831 738 2853 uos
773 2819 827 2852 1115
859 2819 930 2853 GM
968 2820 971 2863 Ι
1018 2819 1067 2853 1ss
1105 2831 1180 2853 esse
1214 2819 1307 2853 nacla.
1343 2830 1423 2852 eum
1450 2819 1498 2861 (Z.
1525 2820 1580 2861 15)
1613 2818 1835 2859 sseselzrieben
1859 2817 1904 2850 M
1941 2818 1945 2858 Ι
1991 2818 2038 2852 17

319 2873 509 2906 confitetur
544 2874 573 2907 G
612 2875 616 2916 Ι
661 2875 710 2909 21
750 2874 889 2908 indicat
930 2875 959 2909 0
999 2877 1002 2914 Ι
1048 2875 1099 2910 24
1133 2875 1227 2909 mzelz
1258 2874 1355 2908 enim
1392 2879 1433 2914 -1-
1470 2874 1545 2908 01115
1576 2874 1621 2907 M
1658 2877 1663 2915 Ι
1713 2884 1828 2917 neque
1865 2871 2040 2916 aequalis]

320 2938 433 2970 neque
458 2929 574 2971 qualis
605 2929 634 2963 Ο
674 2931 677 2972 l
723 2930 773 2964 26
799 2930 1050 2964 indeclinabili
1081 2930 1110 2964 O
1149 2932 1153 2968 1
1198 2930 1247 2965 28
1274 2930 1369 2964 foras
1399 2930 1428 2964 O
1464 2931 1472 2973 -Ι
1517 2930 1566 2964 32
1592 2930 1842 2963 monstrantur
1871 2928 1900 2962 O
