2164 3406
729 142 821 175 Acta
839 141 1007 175 Archelai
1026 141 1170 177 LXVII.
1191 141 1348 176 LXVIII.
1856 150 1905 187 97

181 254 305 307 ⁷,ipsis
337 256 464 303 erant,
496 268 578 294 non
609 267 713 306 quac
736 253 943 306 (genitae)
967 268 1052 294 esse
1084 253 1336 294 dicebantur.
1387 252 1502 294 Haec
1523 268 1616 294 011111
1647 257 1755 307 apud
1778 258 1906 295 semet

181 321 294 373 „ipsa
324 322 469 370 essent,
501 319 715 371 proprium
737 321 1062 373 unumquodque
1095 334 1235 360 eorum
1258 320 1385 359 vitam
1406 319 1585 372 agebant
1606 334 1730 373 quam
1753 321 1905 361 vellent

181 389 244 434 „et
275 385 396 439 quale
427 384 506 425 sibi
537 387 792 438 conpeteret,
835 386 1026 426 omnibus
1059 386 1168 426 enim
1210 386 1389 425 amicum
1435 388 1516 433 est,
1560 388 1671 438 quod
1714 390 1774 426 est
1817 402 1908 440 pro-

175 452 336 505 „prium
367 454 407 491 et
436 450 542 491 1111111
571 451 652 491 sibi
682 452 819 504 ipsum
849 451 1003 492 malum
1036 452 1207 492 videtur.
1267 450 1495 504 Postquam
1533 455 1672 492 autem
1704 452 1753 491 ad
1784 453 1906 493 alter-

126 523 147 556 5
175 520 338 568 „utrum
359 517 615 571 agnitionem
637 520 810 571 uberque
832 517 1019 570 pervenit
1042 519 1080 557 et
1101 518 1294 557 tenebrae
1317 517 1620 570 contemplatae
1642 521 1738 558 sunt
1758 518 1906 568 lucem,

175 586 413 636 „tamquam
434 583 616 624 melioris
639 584 697 624 rei
719 586 883 637 sumpta
902 583 1236 636 concupiscentia
1256 583 1566 624 insectabantur
1588 598 1634 624 ea
1649 588 1689 625 et
1703 586 1904 625 0001111113-

174 650 281 699 „ceri
308 664 355 690 ac
384 650 624 703 participari
656 651 704 690 de
737 664 783 690 ea
814 650 1046 702 cupiebant.
1097 647 1152 689 Et
1182 648 1375 690 tenebrae
1398 650 1566 703 quidem
1588 651 1688 691 haec
1709 652 1900 704 agebant,

174 715 268 765 „lux
298 730 395 756 vero
425 731 690 769 nequaquam
732 731 780 756 ex
821 715 1001 756 tenebris
1033 714 1257 768 quicquam
1287 715 1512 768 recipiebat
1552 716 1595 756 in
1626 731 1715 757 sese
1757 732 1832 758 1100
1862 717 1906 758 111

175 795 339 829 „earum
366 782 616 822 desiderium
642 781 845 831 veniebat,
876 782 1163 821 tantummodo
1185 783 1296 834 quod
1319 782 1442 822 etiam
1463 782 1552 835 ipsa
1576 784 1790 835 spectandi
1810 783 1905 824 libi-

103 851 145 883 147)
173 847 336 896 ,,111110111
365 862 487 899 passa
518 850 590 889 est.
648 847 703 888 Et
724 846 892 901 quidem
914 849 954 886 et
983 847 1161 899 respexit
1191 861 1259 888 eas
1290 847 1404 888 velut
1434 862 1507 900 per
1537 848 1762 901 speculum.
1821 849 1902 890 En-

172 912 296 963 „fasis
326 913 464 966 igitur,
494 913 536 953 id
566 915 628 954 est
654 912 769 954 color
799 913 967 967 quidam
996 912 1112 964 lucis,
1143 914 1194 953 ad
1224 914 1414 954 tenebras
1437 914 1570 955 factus
1594 918 1655 955 est
1675 915 1797 965 solus,
1833 918 1905 956 sed

171 977 265 1028 „lux
295 979 385 1031 ipsa
415 978 595 1032 respexit
624 981 912 1020 tantummodo
945 981 985 1020 et
1015 978 1226 1029 abscessit,
1258 979 1372 1020 nulla
1403 980 1561 1021 scilicet
1590 984 1707 1033 parte
1737 985 1903 1034 sumpta

171 1045 245 1093 „de
275 1045 467 1085 tenebris.
515 1043 726 1085 Tenebrae
756 1059 852 1085 vero
876 1060 924 1085 ex
947 1044 1039 1085 luce
1061 1048 1326 1098 sumpserunt
1356 1045 1553 1087 intuitum
1575 1049 1615 1087 et
1635 1046 1723 1100 yles
1745 1048 1903 1088 enfasin

171 1110 259 1159 „vel
290 1110 481 1160 colorem,
512 1110 555 1150 in
586 1125 666 1164 quo
699 1111 736 1151 ei
772 1109 1081 1164 displicuerant.
1132 1110 1237 1152 Cum
1271 1124 1369 1165 ergo
1400 1112 1620 1166 nequiores
1653 1115 1701 1165 de
1733 1114 1904 1154 meliore

101 1181 141 1214 15
171 1177 468 1229 „sumpsissent
497 1191 581 1217 non
610 1191 750 1217 veram
791 1176 944 1227 lucem,
981 1178 1053 1218 sed
1083 1178 1264 1230 speciem
1296 1179 1505 1231 quandam
1541 1177 1646 1219 lucis
1677 1182 1799 1233 atque
1834 1194 1903 1220 en-

169 1242 312 1294 „fasin,
333 1276 340 1283 .
362 1275 369 1283 .
390 1275 398 1283 .
419 1243 520 1283 boni
549 1243 709 1295 raptiva
729 1243 958 1284 mutatione
981 1246 1204 1283 traxerunt.
1255 1243 1378 1284 Unde
1398 1258 1473 1284 nec
1494 1244 1725 1297 perfectum
1747 1244 1902 1286 bonum

170 1311 255 1358 „est
285 1309 328 1348 in
349 1309 427 1349 hoc
448 1310 614 1357 mundo,
645 1312 685 1349 et
707 1311 819 1362 quod
841 1311 902 1350 est
922 1308 1042 1349 valde
1065 1311 1127 1350 est
1148 1309 1354 1363 exiguum,
1388 1310 1485 1363 quia
1505 1324 1652 1362 parum
1674 1310 1754 1351 fuit
1778 1312 1902 1352 etiam

169 1374 307 1425 „illud,
340 1376 450 1428 quod
470 1374 589 1415 initio
613 1378 859 1428 conceptum
880 1377 951 1416 est.
994 1375 1152 1416 Verum
1182 1376 1322 1415 tamen
1352 1390 1425 1428 per
1446 1376 1525 1416 hoc
1545 1376 1683 1429 ipsum
1705 1377 1902 1431 exiguum

169 1439 309 1493 „lucis,
331 1440 458 1481 immo
479 1441 618 1494 potius
639 1456 713 1493 per
733 1442 913 1494 speciem
937 1443 1145 1495 quandam
1169 1440 1285 1492 lueis,
1307 1444 1517 1482 creaturae
1539 1441 1757 1483 valuerunt
1778 1456 1901 1497 gene-

97 1511 141 1545 20
169 1521 282 1556 „rare
312 1506 626 1548 similitudinem
648 1508 925 1560 perferentem
947 1509 999 1547 ad
1018 1506 1143 1558 illam,
1175 1522 1299 1560 quam
1322 1509 1370 1548 de
1391 1507 1482 1548 11100
1505 1512 1790 1561 conceperant,
1810 1524 1901 1562 per-

169 1572 450 1622 „mixtionem.
499 1572 554 1613 Et
583 1573 685 1614 haec
713 1576 773 1613 est
793 1574 884 1623 ista,
918 1588 1041 1627 quam
1071 1573 1287 1620 cernimus,
1310 1576 1532 1615 0101111110.ιι

166 1652 308 1679 eorum
349 1639 503 1680 similia
544 1640 587 1679 in
630 1639 981 1693 consequentibus
1024 1642 1218 1680 executus
1256 1641 1328 1680 est.
1387 1638 1502 1680 Haec
1539 1643 1678 1681 autem
1709 1641 1901 1682 sufficere

165 1705 381 1745 aestimavi
422 1706 474 1745 ad
515 1707 813 1746 ostendendam
851 1705 937 1746 eius
968 1706 1012 1745 in
1042 1706 1119 1745 hac
1154 1707 1271 1758 parte
1302 1706 1559 1746 sententiam.
1619 1706 1666 1746 In
1696 1707 1759 1749 his
1791 1709 1901 1748 enim

166 1772 214 1810 de
244 1771 390 1811 mundi
420 1771 658 1812 conditione
689 1772 936 1824 conscripsit
966 1773 1194 1812 secundum
1225 1772 1337 1825 quod
1369 1771 1618 1824 Scythianus
1650 1777 1846 1814 senserat.

274 1835 458 1877 LXVIII.
516 1836 598 1877 Hic
626 1852 724 1878 vero
755 1838 986 1890 adsumptis
1019 1837 1105 1878 eius
1126 1836 1276 1878 litteris
1298 1837 1449 1878 adiecit
1471 1839 1595 1879 etiam
1616 1839 1785 1880 nomina
1807 1841 1900 1880 dae-

163 1915 335 1942 monum
366 1904 406 1942 et
437 1903 736 1944 commotiones
765 1903 973 1956 inquietas
1004 1906 1128 1957 atque
1159 1903 1459 1945 elementorum
1481 1919 1625 1946 cursus
1652 1920 1735 1946 non
1756 1920 1900 1946 secun-

164 1968 262 2007 dum
291 1967 412 2008 illum
443 1968 641 2018 ordinem,
674 1969 745 2022 qui
775 1984 798 2009 a
825 1969 1033 2010 veteribus
1064 1970 1241 2022 scriptus
1273 1972 1345 2020 est,
1376 1972 1448 2011 sed
1477 1973 1524 2011 ut
1544 1971 1748 2012 sarcinam
1771 1986 1899 2025 quan·

164 2033 259 2072 dam
288 2033 510 2074 verborum
545 2033 773 2075 multorum
804 2038 844 2075 et
878 2034 1092 2094 inutilium
1129 2039 1402 2088 congregaret
1433 2039 1473 2077 et
1508 2038 1805 2090 permixtiones
1837 2038 1899 2078 in-

164 2113 326 2139 mensas
358 2114 405 2140 ac
436 2099 698 2141 confusiones
719 2100 955 2154 legentibus
978 2104 1203 2154 generaret.
1235 2101 1341 2150 Quia
1361 2117 1458 2143 vero
1480 2103 1614 2143 omnis
1638 2104 1723 2144 eius
1746 2105 1898 2157 dogma

93 2171 138 2206 30
162 2167 202 2204 et
231 2164 449 2205 inscientia
473 2165 658 2207 Basilide
674 2166 738 2207 illi
759 2168 1001 2208 obversante
1029 2167 1262 2220 conscripta
1281 2167 1324 2207 in
1346 2168 1546 2208 dualitate
1573 2184 1771 2222 suspensa
1792 2173 1898 2221 sunt,

161 2229 268 2270 nulli
298 2231 470 2271 dubium
501 2234 572 2272 est.
630 2231 676 2273 Si
706 2233 798 2286 quis
835 2245 933 2286 ergo
970 2233 1206 2274 subvertere
1241 2234 1425 2286 potuerit
1460 2235 1691 2287 ingenitam
1722 2235 1899 2276 dualita—

161 2298 262 2346 tem,
300 2310 426 2350 quam
454 2298 543 2350 ipse
573 2299 743 2350 adserit,
779 2299 888 2340 dico:
924 2299 1159 2339 universam
1195 2299 1281 2340 eius
1312 2301 1532 2341 verborum
1564 2300 1711 2341 silvam
1741 2302 1899 2354 pariter

96 1842 139 1876 ἐξ.

278 2415 308 2450 G
329 2415 397 2460 (bis
421 2416 459 2451 Z.
486 2417 519 2461 7)
544 2417 589 2451 M

275 2516 295 2549 1
322 2515 482 2561 genitae]
510 2516 628 2551 Roma
721 2519 742 2553 2
768 2517 883 2552 uellet
911 2518 941 2553 G
981 2519 986 2561 1
1031 2519 1054 2552 6
1079 2519 1245 2553 meliores
1287 2519 1360 2554 CM
1398 2520 1402 2563 1
1447 2520 1484 2554 et
1509 2519 1758 2564 coadmisceri]
1798 2521 1897 2554 Ieme

168 2569 285 2604 IVorte
320 2571 359 2604 2'12
402 2572 431 2607 O
483 2573 487 2616 Ι
538 2575 561 2608 9
599 2586 721 2609 eorum
758 2573 803 2607 M
845 2575 850 2617 Ι
895 2574 1096 2619 spectandi]
1137 2575 1287 2618 Traube,
1319 2575 1529 2620 expectanti
1559 2575 1604 2608 M
1653 2576 1657 2619 Ι
1715 2577 1764 2610 13
1802 2576 1893 2620 yles]

165 2625 309 2668 Traube,
336 2626 432 2670 ylem
457 2627 502 2661 M
540 2629 544 2670 Ι
591 2629 641 2663 14
666 2628 717 2673 in]
744 2629 821 2664 sine
847 2630 982 2664 Selebne
1025 2632 1030 2672 1
1076 2632 1125 2666 15
1151 2630 1334 2675 quandam
1363 2631 1407 2665 113
1441 2632 1551 2675 atque
1581 2631 1629 2674 M,
1664 2643 1727 2665 1·οη
1758 2631 1892 2665 Traube

166 2681 357 2716 cerbessert
400 2684 404 2726 Ι
448 2684 538 2717 nach
566 2684 707 2718 enfasin
730 2685 845 2728 felelen
868 2686 984 2729 eim'sse
1008 2686 1134 2729 ll'orte,
1161 2691 1269 2720 etwa:
1296 2686 1453 2730 speciem
1478 2698 1621 2730 quoque
1638 2687 1893 2722 tantummodo

169 2736 305 2771 Traube
329 2738 420 2782 oder,
456 2739 611 2783 speciem
636 2751 779 2784 quoque
805 2742 914 2785 atque
938 2742 1079 2776 enfasin
1102 2743 1318 2784 Brambaelc,
1343 2741 1517 2776 vielleielzt
1536 2745 1667 2786 yelzz'iyt
1693 2744 1729 2777 et
1754 2743 1893 2777 ens-asin

162 2792 166 2834 1
211 2793 260 2827 18
307 2793 454 2828 initium
485 2795 529 2828 M
574 2796 578 2839 1
641 2797 758 2839 29s30
802 2797 936 2842 dogma
971 2799 1008 2832 et
1043 2798 1233 2832 inscientie
1268 2810 1353 2832 nam
1389 2797 1445 2831 illi
1476 2799 1667 2832 anei-sante
1691 2798 1895 2843 conscripta

165 2847 214 2887 M,
241 2859 306 2881 von
337 2849 470 2884 Traube
492 2851 693 2892 verbessert,
729 2852 862 2897 dogma
898 2854 935 2887 et
958 2853 1152 2887 inscientia
1174 2854 1285 2888 etiam
1309 2853 1374 2888 illo
1400 2855 1589 2888 aversante
1616 2853 1750 2888 Selz'o'we
1793 2855 1797 2897 1
1843 2855 1895 2889 30

163 2914 353 2947 suspensus
379 2906 433 2939 est
457 2906 506 2947 M,
531 2918 599 2940 von
628 2907 759 2942 Traube
784 2908 971 2942 verhessert

234 2959 313 2987 Acta
331 2960 490 2990 Archelai.
1591 2967 1609 3000 7

1579 1573 1660 1615 Sed
1682 1578 1721 1615 et
1741 1575 1901 1629 reliqua
1956 1588 1964 1597 “

1932 655 1954 686 9

1934 1050 1982 1084 10

1931 1379 1976 1413 11

1925 2110 1947 2144 10
