2164 3406
211 862 253 893 10

212 1190 253 1223 123

279 155 327 194 gg
1019 149 1262 195 Hegemonius

279 264 338 301 est
368 260 554 302 Christus
586 259 665 311 dei⁷
703 259 772 313 qui
811 260 1022 301 descendit
1058 276 1180 314 super
1216 276 1309 302 eum
1346 261 1416 315 qui
1447 264 1495 302 de
1527 261 1657 302 Maria
1688 264 1759 302 est.
1818 262 1935 311 Quod
1967 264 2000 304 si
2027 271 2050 304 4

277 341 360 366 non
390 325 521 366 credis
550 340 684 379 neque
713 325 806 366 voci
838 341 942 379 quae
979 326 1148 367 caelitus
1184 327 1294 367 facta
1325 330 1401 377 est,
1431 327 1695 368 temerarium
1725 327 1882 381 aliquid
1912 329 1999 382 ipse

276 391 520 445 pronuntias
562 394 618 442 etj
662 391 697 431 si
727 391 895 441 dixeris,
937 407 1059 433 nemo
1102 394 1247 433 credet.
1306 392 1454 434 Statim
1494 393 1602 433 enim
1637 392 1680 432 in
1711 395 1916 434 desertum
1948 395 1998 435 ab

278 457 425 510 spiritu
456 459 601 497 ductus
633 460 695 498 est
724 456 855 507 105115,
891 460 938 497 ut
967 461 1238 510 temptaretur
1269 472 1292 497 a
1322 458 1503 507 diabolo;
1536 473 1658 512 quem
1689 473 1781 499 cum
1815 460 2002 501 diabolus

233 530 249 563 ἶ
276 523 501 576 ignoraret,
544 522 706 562 dicebat
746 523 798 563 ei:
843 526 888 563 Si
927 526 1039 574 fabius
1080 539 1119 564 es
1154 527 1224 564 clei.
1284 523 1508 577 Ignorabat
1549 527 1686 564 autem
1727 529 1896 578 propter
1933 527 2051 578 (11115

279 589 488 642 genuisset
518 587 649 627 filium
680 589 755 627 dei.
812 587 1086 629 Praedicabat
1114 601 1243 642 regna
1273 589 1491 638 caelorum,
1523 590 1594 642 qui
1616 593 1701 630 erat
1722 591 2002 631 habitaculum

276 667 472 706 magnum
503 667 578 693 nec
608 652 657 692 ab
688 653 773 694 ullo
805 653 886 694 alio
916 655 1073 706 portari
1100 654 1320 707 potuisset3
1351 656 1460 694 unde
1492 658 1531 695 et
1561 655 1720 696 adfixus
1751 657 1878 706 cruci,
1910 671 2002 697 cum

277 718 565 759 resurrexisset
595 719 645 759 ab
676 718 830 769 inferis,
861 721 1103 773 adsumptus
1135 722 1196 760 est
1224 719 1325 760 illuc
1353 720 1425 760 ubi
1456 719 1643 761 Christus
1674 720 1784 761 filius
1815 722 1881 762 dei
1910 735 2001 775 reg-

278 784 412 834 nabat,
442 786 488 824 ut
519 798 611 824 cum
641 785 841 825 iudicium
868 785 1017 825 habere
1045 785 1236 838 coeperit⁷
1266 785 1309 825 hi
1331 786 1401 839 qui
1422 785 1717 839 ignoraverunt
1738 801 1830 826 eum
1851 790 2004 828 videant

277 865 391 902 quem
430 858 736 901 cowpzmoeemnt.
794 850 853 891 Ut
896 854 1031 891 autem
1075 853 1230 891 credas:
1274 865 1365 891 cum
1403 851 1595 904 discipuli
1632 851 1717 892 eius
1747 867 1820 905 per
1849 868 2001 893 annum
2028 866 2050 898 (3

276 917 484 968 integrum
514 916 743 956 manserint
773 930 866 957 cum
897 931 953 966 00,
986 931 1111 970 quare
1140 916 1278 957 nullus
1300 917 1482 969 ipsorum
1512 917 1690 969 procidit
1711 933 1833 971 super
1852 918 2001 959 faciem

277 996 411 1032 suam,
446 981 552 1022 sicut
586 981 710 1034 paulo
747 984 841 1021 ante
871 982 1036 1022 dicebas
1073 985 1145 1023 sed
1178 983 1222 1022 in
1250 997 1332 1022 una
1361 983 1462 1022 hora
1490 983 1578 1032 1113,
1610 985 1774 1036 quando
1805 984 1911 1024 sicut
1940 984 2001 1025 sol

276 1046 531 1100 resplenduit
571 1047 709 1088 vultus
753 1047 865 1089 eius?
922 1047 1072 1088 Nonne
1111 1051 1280 1102 propter
1320 1048 1602 1089 habitaculum
1643 1048 1764 1099 illud,
1802 1052 1912 1103 quod
1954 1065 2001 1090 ex

276 1113 408 1153 Maria
438 1113 572 1152 fuerat
602 1112 820 1154 effectum?
869 1111 986 1153 Sicut
1016 1113 1124 1154 enim
1154 1113 1352 1167 paracleti
1381 1116 1543 1166 pondus
1570 1114 1708 1155 nullus
1738 1114 1842 1156 alius
1873 1115 2002 1156 valuit
2031 1126 2047 1159 7

278 1179 478 1219 sustinere
509 1177 588 1217 nisi
618 1172 696 1218 soli
727 1178 919 1231 discipuli
950 1182 990 1219 et
1020 1178 1173 1220 Paulus
1205 1181 1359 1221 beatus.
1394 1179 1452 1219 ita
1483 1180 1606 1220 etiam
1627 1180 1829 1233 spiritum,
1861 1182 1932 1234 qui
1954 1183 2001 1222 de

279 1243 401 1285 caelis
433 1244 714 1292 descenderat,
745 1259 818 1297 per
849 1259 970 1298 quem
1000 1260 1079 1285 vox
1109 1248 1279 1298 paterna
1316 1248 1490 1285 testatur
1520 1245 1675 1286 dicens:
1706 1249 1780 1286 Hic
1808 1253 1863 1286 est
1890 1250 2003 1298 silius·

277 1325 386 1350 meus
415 1313 582 1359 dilectus,
610 1308 748 1349 nullus
779 1309 883 1350 alius
913 1313 1077 1363 portare
1106 1310 1337 1363 praevaluit
1356 1311 1436 1351 11151
1458 1311 1528 1364 qui
1559 1326 1606 1351 ex
1627 1311 1758 1351 Maria
1787 1315 1908 1352 natus
1930 1316 2001 1362 est,

278 1389 399 1427 super
429 1389 570 1415 omnes
601 1378 765 1415 sanctos
787 1374 910 1416 105115.
943 1375 1022 1416 Sed
1045 1379 1084 1416 et
1105 1378 1156 1416 ad
1176 1376 1278 1416 haec
1300 1390 1404 1429 quae
1426 1375 1574 1426 obicio,
1605 1379 1817 1429 responde.
1867 1376 1911 1417 Si
1931 1378 2001 1417 ha·
2027 1384 2049 1418 S

276 1440 367 1479 bitu
398 1454 490 1479 011111
522 1442 561 1479 et
591 1440 725 1492 specie
757 1441 858 1481 dicis
889 1456 975 1481 esse
1000 1442 1222 1492 hominem,
1253 1444 1461 1495 quomodo
1493 1443 1542 1482 ab
1574 1441 1649 1491 1115,
1675 1442 1745 1495 qui
1777 1457 1824 1483 ex
1844 1443 1933 1483 viro
1963 1447 2001 1484 et

278 1504 449 1545 muliere
478 1506 564 1545 nati
595 1509 699 1556 sunt,
730 1505 962 1547 pharisaeis
992 1508 1123 1548 teneri
1152 1507 1289 1560 potuit
1320 1511 1360 1547 et
1386 1509 1435 1547 ad
1462 1507 1661 1548 iudicium
1684 1509 1876 1560 pertrahi,
1908 1523 1999 1549 cum

278 1569 490 1622 spirituale
522 1585 668 1624 corpus
690 1587 712 1611 a
734 1572 1001 1613 crassioribus
1024 1573 1265 1626 corporibus
1292 1588 1373 1614 non
1395 1573 1529 1613 valeat
1550 1574 1852 1626 conprehendi?
1883 1573 2002 1623 Quod

278 1636 311 1675 si
331 1635 457 1675 habes
481 1636 637 1689 aliquid
654 1639 764 1690 quod
779 1640 828 1678 ad
842 1638 1012 1679 verbum
1035 1642 1158 1692 atque
1174 1640 1224 1679 ad
1237 1639 1495 1692 propositum
1517 1641 1775 1692 respondeam,
1798 1640 1868 1693 qui
1889 1655 2002 1680 num-

278 1715 400 1754 quam
422 1703 471 1740 ad
485 1703 698 1755 proposita
714 1704 974 1756 respondisti,
994 1717 1120 1757 perge
1142 1718 1294 1757 quaeso
1315 1708 1354 1745 et
1372 1704 1578 1758 pugillum
1598 1704 1767 1758 plenum
1789 1706 1885 1747 solis
1899 1706 2000 1746 mihi

276 1765 392 1806 adfer
417 1770 487 1806 aut
514 1767 699 1808 modium
724 1768 904 1821 plenum.
952 1768 1044 1822 lpse
1069 1784 1165 1810 vero
1193 1769 1255 1810 sol
1280 1784 1355 1822 pro
1378 1785 1424 1811 eo
1452 1772 1561 1823 quod
1583 1770 1809 1811 subtilioris
1832 1775 1892 1812 est
1913 1786 2000 1812 cor·
2026 1784 2048 1817 9

234 1846 247 1879 ῖ
275 1832 397 1884 poris,
429 1833 638 1885 cooperire
667 1836 707 1874 te
737 1837 777 1874 et
806 1835 1059 1875 circumdare
1089 1838 1235 1888 potest,
1265 1838 1310 1875 tu
1331 1850 1426 1876 vero
1454 1849 1557 1885 011111,
1589 1837 1664 1876 etsi
1687 1837 2001 1885 conculcaveris,

275 1897 379 1937 nihil
399 1896 539 1938 laedis.
581 1898 785 1940 Dominus
806 1915 904 1941 vero
924 1915 1039 1941 meus
1061 1900 1185 1951 lesus,
1215 1902 1249 1941 si
1271 1904 1408 1941 tentus
1430 1905 1505 1952 est,
1536 1905 1582 1942 ut
1607 1902 1731 1943 homo
1754 1904 1804 1943 ab
1825 1903 2000 1944 homini-

276 1962 351 2002 bus
372 1965 509 2003 tentus
541 1967 611 2005 est.
654 1964 697 2005 Si
727 1980 809 2005 non
840 1969 901 2006 est
930 1967 1066 2015 1101110,
1096 1981 1172 2007 1100
1201 1970 1338 2007 tentus
1370 1969 1440 2007 est.
1483 1966 1526 2007 Si
1552 1982 1635 2008 non
1663 1971 1724 2008 est
1744 1972 1894 2019 tentus,
1927 1983 1999 2009 nec·

274 2042 418 2080 passus
450 2031 510 2068 est
539 2044 615 2070 nec
641 2029 873 2083 baptizatus
906 2035 976 2073 est.
1035 2032 1077 2073 Si
1107 2032 1178 2073 ille
1208 2047 1290 2073 non
1321 2035 1381 2072 est
1407 2032 1652 2085 baptizatus,
1684 2049 1759 2075 nec
1781 2035 1999 2088 quisquam
2026 2043 2076 2077 10

275 2097 460 2134 nostrum
491 2094 722 2148 baptizatus
753 2099 824 2137 est.
885 2096 1099 2150 Baptisma
1134 2101 1270 2139 autem
1306 2099 1340 2138 si
1369 2113 1452 2138 non
1484 2102 1559 2148 est,
1594 2114 1669 2139 nec
1705 2100 1783 2140 erit
1811 2100 1998 2140 remissio

237 2171 244 2173 “
274 2162 550 2211 peccatorum,
583 2163 653 2201 sed
683 2162 726 2202 in
756 2163 840 2203 suis
869 2164 1050 2216 peccatis
1080 2165 1364 2217 unusquisque
1394 2165 1604 2206 morietur.
1661 2165 1815 2206 MANEs
1853 2178 1997 2206 DIXIT:

274 2224 387 2278 Ergo
430 2227 635 2278 baptisma
675 2231 845 2280 propter
884 2229 1169 2270 remissionem
1209 2232 1473 2282 peccatorum
1515 2232 1662 2272 datur?
1730 2231 1998 2271 ARCHELAUS

273 2303 414 2331 DIXIT:
445 2291 595 2333 Etiam.
652 2292 806 2334 MANES
835 2307 979 2336 DIXIT:
1010 2295 1123 2348 Ergo
1163 2295 1350 2348 peccavit
1381 2294 1583 2342 Christus,
1628 2297 1724 2349 quia
1765 2297 1998 2349 baptizatus
2025 2301 2071 2336 11

275 2359 360 2397 est?
418 2357 685 2398 ARCHELAUS
718 2372 861 2402 DIXIT:
899 2361 1040 2413 Absit3
1082 2361 1181 2414 quin
1215 2362 1354 2414 potius
1382 2376 1458 2413 pro
1495 2365 1608 2402 nobis
1636 2369 1832 2413 peecatum
1870 2365 1998 2412 factus

342 2509 364 2543 ὃ
387 2454 410 2488 3
435 2454 564 2489 Matth.
589 2457 620 2498 4,
645 2458 742 2491 1—3.
783 2458 1018 2500 Luk.4,1—3
1042 2479 1085 2483 —
1111 2460 1135 2493 9
1161 2459 1363 2502 Joh.19,37
1389 2479 1431 2483 —
1458 2460 1507 2494 10
1526 2459 1700 2502 Matina,
1716 2461 1768 2493 17.
1808 2460 1894 2494 Luk.
1910 2461 1997 2502 3:22

274 2529 316 2532 ἢ
343 2510 392 2544 ·3
418 2510 450 2543 11
475 2511 556 2543 Kor.
582 2513 612 2554 5,
638 2513 679 2547 21

389 2598 461 2633 GM

387 2689 406 2722 1
441 2688 510 2732 dei]
548 2689 569 2722 d
606 2701 673 2723 ctus
703 2691 799 2726 Corr.
831 2692 878 2727 01
922 2692 926 2735 1
972 2693 994 2727 5
1031 2692 1188 2736 dicebat]
1227 2693 1249 2726 d
1287 2704 1354 2727 aus
1384 2693 1482 2728 Corr.
1512 2694 1560 2728 01
1604 2694 1609 2736 1
1652 2695 1797 2738 propter
1832 2693 1903 2738 qui]
1940 2694 1997 2727 elie

276 2742 375 2777 Stella
399 2744 446 2777 ‘ist
470 2745 675 2787 ‹verdorbem
701 2748 846 2792 propter
871 2748 957 2792 quid
981 2748 1144 2790 Zafecmm‘
1178 2750 1181 2791 Ι
1219 2750 1242 2783 6
1267 2749 1342 2793 qui]
1367 2749 1537 2783 vielleicht
1561 2750 1639 2783 eine
1663 2749 1863 2792 mzrichtzye
1889 2741 1995 2782 Uber-

273 2802 419 2841 semma
486 2801 489 2843 ]
535 2801 557 2835 8
583 2801 642 2845 ab]
667 2802 690 2836 b
715 2813 747 2836 α.
772 2803 860 2838 Bas.
890 2803 919 2838 Ο
948 2805 952 2847 Ι
991 2806 1014 2838 9
1040 2804 1166 2838 haberi
1189 2804 1233 2838 M
1271 2806 1274 2847 Ι
1318 2805 1369 2838 hii
1393 2804 1437 2838 M
1464 2808 1468 2847 Ι
1503 2806 1552 2839 10
1578 2815 1684 2848 quem
1709 2806 1997 2848 compunxerunt

274 2855 423 2889 uideant
447 2856 491 2889 M
520 2868 609 2890 forr.
635 2857 697 2890 M2
741 2859 744 2901 Ι
790 2859 836 2893 11
875 2861 1085 2893 manserunt
1115 2859 1144 2894 O
1185 2860 1188 2903 Ι
1234 2861 1284 2895 23
1322 2860 1420 2904 solis]
1459 2860 1583 2894 solidis
1619 2872 1667 2894 :³³20
1704 2860 1771 2894 soli
1807 2871 1895 2894 corr.
1925 2861 1955 2895 C
1990 2868 1993 2903 l

276 2911 324 2945 28
349 2910 553 2954 baptizatus
577 2924 692 2956 neque
721 2914 750 2948 Ο
