2164 3406
232 157 306 196 122
462 164 566 195 genus

229 264 408 295 salvabitur
463 275 561 295 omne
608 263 789 294 animarum

273 319 399 349 genus
430 318 484 348 41,
510 309 545 344 6;
583 308 650 339 hoc
681 308 789 339 solum

274 353 426 384 ultimum
466 364 570 394 genus
611 353 790 384 salvabitur

273 406 403 439 45,13;
435 398 568 438 linguae
599 397 700 428 totius
731 408 788 438 ge-

273 443 360 473 neris
387 444 562 474 cessabunt
587 443 639 480 61,
658 451 695 473 21

239 486 466 519 Germzdizmz:
490 488 517 518 si
543 488 594 518 cui
610 488 696 517 vires
722 487 789 518 fue-

274 537 347 562 runt
375 532 539 563 tolerandi
565 541 596 572 3,
618 541 649 568 1,
683 543 788 563 remo-

276 581 364 607 ratus
401 581 450 607 est
485 587 551 607 non
588 577 788 607 inveniendo

278 632 472 662 responsum
492 622 543 660 28,
560 621 594 658 8,
621 621 683 651 nisi
700 622 789 662 prius

273 667 438 707 gustando
458 666 562 697 discat
577 674 628 706 30,
648 675 678 702 13
697 670 790 697 uten-

274 711 317 741 do
351 721 391 741 ex
417 722 456 741 eo
483 721 634 751 perverse
659 719 711 751 31,
730 720 787 748 22,

277 756 370 786 11111111
397 756 438 786 ad
459 755 702 786 comedendum
721 756 787 786 ani-

275 810 363 831 mam
388 800 583 841 provocavit
607 810 659 839 42,
678 800 713 838 6,
740 811 788 831 se-

272 845 411 876 veritate
429 856 506 875 usus
533 850 581 875 est
604 845 689 885 legis
707 845 788 876 nulli

274 889 507 941 indulgendo·
499 889 651 920 iniuriam
664 900 717 931 49
729 899 786 931 30,

273 935 300 965 si
331 935 363 964 in
394 934 546 965 iniuriam
571 935 789 975 permanserit

273 979 461 1019 inrogando
483 987 532 1020 50,
549 989 583 1015 2;
606 990 689 1020 quos
707 980 788 1011 deus

275 1024 398 1055 creavit
446 1024 488 1054 ad
536 1024 788 1065 percipiendum

275 1066 341 1111 stig
379 1065 604 1112 μετάληᾳην)
646 1070 785 1111 57,26;

274 1114 446 1154 praemisit
476 1113 566 1154 prius
598 1114 641 1144 ad
672 1114 787 1155 explo-

276 1159 413 1189 randum
440 1162 561 1199 quanta
586 1158 627 1189 sit
654 1166 704 1200 59,
726 1167 741 1200 5

229 1214 521 1255 glorificatum
576 1219 625 1245 est
678 1211 789 1256 (δεδό-

275 1260 418 1301 ξασται)
467 1259 557 1300 quod
604 1259 788 1299 gloriosum

277 1303 399 1334 sactum
425 1308 474 1335 est
492 1304 544 1342 66,
563 1304 598 1340 6;
624 1303 788 1344 glorifica-

278 1349 365 1380 bitur
389 1350 430 1380 ab
454 1348 493 1378 iis
519 1348 570 1388 68,
593 1357 630 1388 17

232 1398 399 1426 arescente
438 1393 573 1434 linguae
620 1393 787 1434 glutino

230 1447 463 1525 quiy'ca9melum
480 1483 665 1525 glutiunt
681 1491 731 1524 35,
747 1483 788 1514 26

229 1541 524 1580 grammaticae
555 1539 631 1570 artis
663 1544 694 1569 et
725 1539 789 1569 dis-

275 1585 416 1625 ciplinae
431 1584 617 1616 rhetoricae
630 1583 789 1625 peritissi-

274 1641 346 1660 mus
372 1639 424 1670 23,
443 1640 462 1669 9

228 1675 397 1715 grandis
412 1675 513 1715 fehlt

231 1730 327 1761 huius
364 1730 448 1770 signi
486 1731 621 1771 gratia
655 1739 703 1767 11,
734 1739 787 1768 14;

275 1775 442 1815 dogmatis
460 1775 556 1806 huius
573 1775 680 1816 gratia
695 1785 788 1814 prae-

274 1819 407 1850 dicandi
440 1829 492 1860 22,
522 1829 573 1862 15;
606 1820 638 1850 in
668 1820 788 1860 gratia-

274 1876 345 1895 rum
381 1864 511 1895 actione
550 1865 600 1907 58,
625 1873 682 1901 21;
719 1865 786 1905 vgl.

278 1917 326 1950 57,
346 1908 397 1940 26.
418 1910 458 1940 28

229 1955 372 1985 animam
405 1954 552 1994 corporis
584 1954 787 1995 guberna-

275 1999 369 2030 cula
395 1998 536 2030 dicimus
562 2008 613 2039 34,
633 2008 675 2037 24

228 2133 306 2164 hab
316 2144 332 2163 e
342 2138 382 2164 nt
398 2128 788 2176 ν1110111151111ᾱ1(ἔχο1’σι

275 2176 442 2221 δεθῆναι)
462 2187 514 2216 21,
533 2178 587 2215 18;
607 2188 666 2208 vos
684 2183 786 2208 aeter-

275 2234 334 2253 nus
366 2223 450 2263 ignis
483 2224 655 2253 absumere
686 2223 788 2253 habet

275 2267 439 2308 (absumet
464 2266 524 2309 M)
555 2276 607 2306 24,
630 2277 665 2307 9,
698 2267 787 2308 quod

274 2312 415 2343 vincitur
439 2312 582 2343 vicinum
608 2312 710 2342 habet
740 2313 787 2342 in-

275 2358 408 2387 teritum
446 2366 504 2397 29,
534 2366 587 2397 19;
626 2367 683 2387 eos
719 2357 787 2387 vult

274 2412 333 2442 pro
353 2406 442 2432 certo
460 2401 583 2432 habere
608 2402 685 2442 quia
702 2406 787 2432 esset

274 2456 356 2476 usw.
393 2447 517 2487 56,10;
560 2456 626 2476 non
657 2446 787 2477 habetis

276 2501 359 2531 opus
384 2496 418 2520 ut
444 2491 586 2521 scribam
611 2491 663 2529 62,
683 2490 724 2521 28

230 2535 518 2566 habitaculum
543 2535 595 2573 88,
614 2535 703 2576 6.13

231 2601 296 2621 non
366 2591 479 2630 agnito
542 2590 786 2622 habitatore

276 2635 392 2676 templi
434 2646 539 2676 neque
586 2635 788 2667 inhabitator

275 2680 469 2711 conlocatur
495 2689 546 2721 33,
565 2679 607 2711 28

230 2735 312 2765 quae
353 2724 523 2765 provincia
570 2725 788 2756 habitatur

275 2769 428 2810 (habetur
481 2769 571 2812 CM)
620 2781 639 2800 a
679 2771 786 2800 Persis

277 2823 388 2854 91‚13

230 2857 358 2888 hebes
383 2869 480 2889 sensu
507 2868 558 2899 32,
578 2869 619 2899 24

230 2902 306 2932 heu
332 2903 383 2942 36,
402 2912 445 2942 24

964 155 1048 184 Acta
1072 153 1226 184 Archelai

824 263 1011 306 hic-mehr
1033 265 1087 294 als
1111 273 1179 304 450
1191 265 1278 299 mal:
1305 276 1330 296 s.
1356 260 1387 303 ὁ,

871 310 994 348 οὐτοςς
1044 309 1128 340 haec
1185 314 1280 349 (statt
1324 310 1387 340 hac

869 353 998 393 ACM)
1019 353 1048 392 8
1061 362 1093 395 5·,
1117 363 1165 391 11,
1184 363 1224 395 23
1240 353 1316 395 (Α),
1338 362 1386 392 12,

870 407 911 439 23
927 398 998 439 (Α)
1015 408 1067 433 20
1076 397 1199 440 26(A)
1213 398 1386 440 49⁷1(C);

870 444 922 483 67
938 442 1100 485 3tCsts)
1128 444 1179 482 76
1198 444 1386 483 9(67;hfi

869 504 913 514 =
932 489 967 518 hi
992 488 1088 518 und
1080 488 1117 525 1i;
1144 499 1168 519 s
1184 489 1389 530 Emleitztng

873 533 904 563 S.
923 532 1018 563 LIII

806 606 808 620 ,
825 578 975 609 hilaris
1000 577 1053 615 62,
1078 578 1116 608 16

826 634 1383 676 inhodiernum22,15;51,14;

872 685 923 719 73,
949 688 980 717 4.
1005 677 1084 709 6.8.
1109 687 1163 716 10,
1201 688 1253 719 90,
1280 680 1315 716 6,
1353 680 1385 710 in

870 723 1070 754 hodiernum
1096 723 1184 754 diem
1210 732 1262 765 95,
1283 731 1301 764 7

825 768 1015 799 homines
1043 768 1097 809 qui
1123 779 1189 799 non
1208 769 1384 800 didicimus

869 813 1042 844 vulnerant
1082 822 1116 851 2,
1156 822 1213 854 303
1260 814 1385 854 primus

869 858 974 888 homo
1017 865 1065 895 10,
1097 866 1155 899 25;
1204 863 1254 889 est
1289 859 1385 890 vobis

869 902 1065 933 hominibus
1091 903 1284 935 commixtio
1310 914 1384 934 cum

870 947 1030 978 uxoribus
1055 956 1108 987 27,
1131 957 1142 978 1

825 992 905 1033 quid
923 992 953 1023 ei
971 997 1083 1032 potest
1106 1003 1146 1023 ex
1162 992 1234 1023 istis
1260 998 1385 1024 creatu-

869 1036 912 1067 ris
927 1047 997 1068 esse
1012 1037 1278 1068 homousion?
1301 1046 1349 1079 52
1367 1046 1404 1080 5

824 1082 958 1121 triginta
1000 1082 1165 1122 argenteis
1206 1083 1384 1114 honora-

872 1131 933 1157 tus
962 1134 1012 1167 54,
1033 1135 1072 1166 27

824 1171 1191 1212 hospitalissimus
1246 1173 1385 1204 Marcel-

869 1217 920 1246 lus
949 1224 976 1257 5,
1000 1224 1039 1246 10

824 1261 1075 1301 peregrinorum
1124 1266 1156 1292 et
1203 1272 1384 1303 pauperum

870 1306 1103 1346 hospitium
1150 1315 1186 1345 4,
1226 1314 1278 1347 173
1329 1307 1383 1348 qui

870 1351 1099 1381 mansionibus
1114 1355 1213 1392 atque
1227 1351 1383 1391 hospitiis

870 1400 1042 1436 praeerant
1069 1404 1097 1437 5,
1119 1402 1172 1434 17,
1199 1397 1383 1437 obsequen-

870 1439 1000 1471 tissimo
1016 1440 1152 1471 fovebat
1166 1442 1315 1481 hospitio
1325 1440 1353 1479 8,
1367 1449 1382 1482 5
1401 1447 1402 1453 ¹

825 1485 901 1516 huc
927 1495 1029 1526 usque
1056 1494 1085 1525 3,
1109 1486 1146 1516 16

827 1541 1024 1572 confitentur

870 1585 939 1616 eius
971 1597 1011 1616 ex
1035 1585 1141 1617 Maria
1166 1586 1218 1626 98,
1238 1596 1294 1627 33,
1327 1597 1383 1617 νο-

869 1630 939 1661 lunt
953 1631 1192 1662 humanitatem
1207 1632 1239 1662 111
1248 1632 1382 1662 Christo

872 1686 992 1713 negare
1018 1685 1071 1716 99,
1090 1685 1130 1716 33

824 1720 1066 1751 humilitate
1085 1730 1120 1751 se
1135 1720 1287 1761 mitigant
1303 1729 1378 1761 70,1

1084 1541 1382 1573 humanitatem

825 1775 982 1817 parvulos
999 1776 1108 1806 humi
1127 1776 1280 1807 decidere
1299 1776 1383 1808 sine-

870 1821 952 1851 bant
977 1829 1006 1861 3,
1026 1829 1044 1860 3

1400 1848 1402 1859 A

824 1865 1074 1905 hypocrises
1106 1870 1137 1896 et
1168 1865 1316 1897 fallacias
1341 1867 1383 1896 ad

870 1911 974 1941 Evam
993 1910 1234 1941 demonstravit
1254 1918 1304 1952 53,
1324 1920 1381 1951 23,
1400 1926 1402 1935 ›

869 1956 902 1985 in
933 1955 1105 1996 hypocrisi
1130 1956 1306 1987 mendacia
1335 1956 1383 1986 lo-

870 2005 1006 2041 quentes
1034 2007 1083 2041 57,
1102 2009 1145 2039 24

825 2045 879 2085 qui
904 2044 1028 2120 defgris
1046 2044 1291 2085 hypocritae
1309 2049 1383 2075 sunt

869 2096 923 2130 35,
942 2098 959 2120 2

824 2234 908 2264 quae
934 2224 1171 2254 iamdudum
1190 2228 1381 2255 construxe-

870 2272 919 2299 rat
943 2277 999 2307 40,
1022 2268 1059 2299 16

824 2314 914 2343 nullo
947 2313 1104 2343 ibidem
1136 2312 1300 2354 discipulo
1326 2313 1382 2343 ad-

868 2357 989 2398 quisito
1013 2367 1065 2398 92,
1084 2358 1104 2388 6

823 2413 923 2433 unum
964 2407 1061 2443 atque
1101 2402 1208 2433 idem
1245 2410 1296 2439 20,
1322 2410 1378 2441 3ος

869 2448 970 2485 28‚4;
998 2456 1099 2487 29‚4;
1127 2454 1228 2487 35‚9;
1254 2455 1379 2486 41‚34;

868 2493 937 2532 vgl.
956 2501 1009 2532 47,
1025 2500 1082 2533 25;
1110 2491 1214 2521 filium
1232 2491 1380 2521 eiusdem

868 2546 921 2576 99,
945 2545 981 2576 13

823 2580 1001 2611 idiotam
1038 2591 1089 2611 me
1116 2591 1187 2610 esse
1220 2580 1381 2610 confiteor

869 2625 921 2663 66,
942 2634 984 2665 30

823 2669 1027 2700 ieiunavit
1063 2669 1279 2711 quadraginta
1309 2669 1380 2699 dies

869 2714 973 2755 758
1000 2715 1209 2756 vl7510

824 2770 986 2800 ieiunos
1034 2772 1106 2810 (nos
1154 2769 1275 2799 ieiunio

870 2825 987 2855 vesper
1012 2814 1138 2845 obtexit
1164 2823 1192 2851 2,
1212 2822 1254 2844 20

824 2870 890 2890 non
921 2859 968 2889 ita
992 2860 1132 2890 obscure
1158 2863 1190 2889 et
1213 2857 1380 2898 ignobi—

869 2904 968 2934 liter
992 2903 1144 2934 adveniet
1169 2902 1220 2941 61,
1239 2903 1258 2934 8

1324 2767 1382 2810 As)

1691 152 1724 183 in

1424 263 1561 295 forsitan
1600 268 1776 305 peccantes
1817 264 1983 304 ignora-

1468 309 1609 341 bamus
1647 318 1677 347 2,
1697 317 1754 350 25·
1793 309 1984 349 ignorantes

1468 354 1543 395 quia
1579 354 1834 384 exterminantur
1869 361 1967 394 25,9
1946 363 1982 394 9,

1471 399 1662 439 ignorantes
1704 399 1861 440 quoniam
1910 398 1982 439 ipse

1469 444 1548 475 fecit
1572 444 1625 484 36,
1645 451 1679 482 7,
1706 443 1864 484 ignorans
1889 453 1982 484 prae-

1467 494 1595 520 sentem
1605 499 1675 519 esse
1685 488 1885 519 Archelaum
1896 487 1980 527 78,2;

1467 544 1575 564 sermo
1606 537 1655 564 est
1685 533 1830 564 hominis
1855 532 1910 575 (<
1923 532 1982 573 M)

1467 578 1647 619 ignorantis
1675 586 1726 618 79,
1746 587 1785 617 32

1422 633 1494 664 ille
1512 644 1566 663 um
1583 634 1742 670 2oomal;
1769 644 1794 665 s,
1813 629 1934 673 αὐτὸς,
1960 628 1980 664 ὁ

1423 689 1581 730 pervideo
1607 689 1748 729 Moysen
1780 689 1981 729 imagina-

1466 734 1564 764 riam
1625 733 1735 774 legem
1806 733 1981 765 tradidisse

1466 787 1520 819 49,
1538 779 1558 810 6

1421 834 1542 866 11111110
1568 835 1680 875 potius
1700 832 1822 875 58,11;
1849 833 1901 873 68,
1921 843 1978 872 21;

1467 887 1595 920 97,19;
1632 879 1735 909 immo
1766 889 1844 909 vero
1878 886 1980 920 27,9;

1467 933 1518 965 70,
1547 932 1563 965 5

1420 969 1625 1011 Imperativ.
1652 979 1677 999 s.
1703 966 1838 1009 profero

1421 1026 1593 1056 Persarum
1642 1024 1681 1054 in
1729 1025 1865 1064 regione
1906 1035 1980 1056 eum

1466 1070 1602 1110 pertulit
1626 1068 1902 1108 admirandum4,
1919 1077 1978 1104 21;

1466 1114 1616 1145 similes
1608 1125 1641 1144 111
1658 1113 1832 1154 signaculo
1851 1122 1902 1154 27,
1921 1114 1978 1151 163

1466 1159 1639 1190 artificium
1657 1159 1726 1189 eius
1745 1158 1777 1188 in
1796 1158 1883 1189 malo
1899 1169 1980 1190 con-

1466 1214 1595 1235 versum
1633 1213 1689 1244 31,
1716 1212 1774 1239 21;
1817 1203 1844 1233 si
1875 1203 1915 1234 sit
1946 1204 1979 1233 in

1466 1250 1568 1280 domo
1606 1249 1734 1289 36,17.
1749 1257 1807 1287 29,
1844 1258 1911 1278 non
1946 1249 1980 1279 in

1466 1299 1535 1324 tuto
1567 1292 1817 1333 (vzelleichtz
1842 1288 1882 1325 ἐν
1917 1289 1979 1326 ἀσ-

1466 1338 1592 1381 φαλεῖ)
1612 1348 1697 1368 nune
1715 1337 1785 1367 fieri
1803 1342 1891 1368 ratus
1908 1348 1980 1368 sum

1465 1384 1518 1424 38,
1533 1391 1566 1423 7;
1594 1384 1661 1423 vgl.
1681 1383 1714 1412 in
1729 1383 1837 1422 primo
1852 1382 1904 1420 61,
1924 1391 1978 1421 14,

1465 1428 1498 1458 in
1523 1428 1613 1458 nullo
1641 1436 1691 1466 71,
1711 1435 1767 1466 27;
1797 1426 1848 1465 78,
1867 1427 1924 1463 26;
1951 1427 1979 1457 si

1464 1474 1582 1504 horum
1620 1471 1700 1502 nihil
1736 1471 1769 1502 in
1801 1482 1900 1502 causa
1931 1477 1980 1502 est

1465 1518 1529 1548 deo
1561 1516 1753 1548 destruendi
1783 1523 1914 1558 4o,15;
1947 1516 1980 1546 in

1464 1573 1522 1593 sex
1558 1562 1676 1593 diebus
1706 1571 1815 1601 49,9;
1854 1560 1887 1591 in
1925 1561 1979 1593 die

1465 1607 1606 1648 septima
1641 1615 1694 1647 49,
1721 1616 1756 1646 9,
1794 1606 1826 1635 in
1864 1605 1977 1636 iudicii

1465 1657 1614 1692 ternpore
1643 1659 1694 1692 50,
1714 1650 1748 1688 8;
1782 1650 1814 1680 111
1839 1650 1978 1681 novissi-

1464 1696 1525 1727 mis
1548 1696 1755 1737 temporibus
1782 1702 1833 1737 57,
1852 1704 1912 1735 23;
1946 1695 1978 1726 in

1464 1742 1520 1772 illa
1538 1741 1592 1771 die
1608 1741 1658 1780 58,
1673 1749 1731 1780 27,
1750 1739 1783 1770 in
1798 1739 1977 1770 Ierusalem

1464 1786 1614 1816 habitant
1657 1793 1712 1826 59,
1750 1793 1803 1825 19;
1851 1785 1884 1814 in
1924 1784 1978 1815 die

1463 1830 1577 1861 iudicii
1609 1830 1661 1870 63,
1686 1838 1743 1871 25;
1785 1829 1818 1859 111
1859 1829 1978 1859 diebus

1463 1876 1534 1906 istis
1570 1875 1628 1914 64,
1659 1884 1711 1910 12,
1760 1874 1792 1904 111
1837 1873 1978 1904 sabbato

1464 1921 1515 1962 65,
1532 1928 1573 1959 24
1592 1918 1681 1961 (bis),
1700 1919 1768 1959 vgl.
1783 1919 1835 1960 65,
1852 1927 1904 1950 22.
1919 1918 1976 1955 26,

1463 1965 1495 1996 in
1511 1965 1563 1995 die
1578 1964 1708 1995 sabbati
1722 1964 1774 2003 65,
1790 1972 1846 2005 25;
1866 1963 1976 1994 differt

1463 2010 1496 2041 in
1520 2009 1627 2050 gloria
1652 2016 1703 2047 72,
1727 2016 1779 2047 17;
1807 2007 1978 2049 praecellit

1463 2055 1496 2085 in
1513 2054 1619 2095 gloria
1634 2061 1684 2092 72,
1704 2062 1756 2092 19;
1776 2053 1808 2083 in
1826 2057 1977 2094 tempore

1463 2100 1536 2140 ipso
1564 2098 1690 2137 78,11;
1728 2097 1760 2128 in
1797 2108 1861 2138 quo
1899 2107 1977 2128 con-

1462 2144 1573 2185 placui
1601 2142 1652 2184 85,
1673 2151 1729 2182 3ο,
1755 2143 1824 2183 vgl.
1843 2139 1905 2182 εἰς,
1926 2138 1975 2179 ἐν,

1463 2187 1573 2233 πρός,
1631 2188 1804 2218 conterens
1855 2187 1976 2218 ambos

1464 2234 1570 2264 deos'
1564 2243 1596 2263 11]
1613 2231 1847 2263 huiuscemodi
1866 2242 1974 2262 exem-

1462 2278 1554 2319 plum
1591 2287 1620 2318 9,
1647 2286 1706 2315 24,
1748 2276 1906 2307 morietur
1942 2276 1976 2306 in

1463 2322 1594 2353 saecula
1616 2331 1664 2362 19,
1684 2330 1737 2361 17:
1764 2324 1976 2362 speraverunt

1462 2367 1495 2398 in
1519 2367 1618 2397 deum
1637 2375 1688 2403 21,
1708 2365 1760 2402 18;
1781 2370 1815 2395 ut
1831 2365 1976 2396 vincian-

1463 2416 1514 2442 tur
1538 2411 1571 2441 in
1595 2416 1764 2441 aeternum
1789 2418 1840 2450 21,
1860 2419 1917 2448 24,
1945 2409 1976 2439 in

1461 2455 1617 2487 Archelai
1659 2455 1794 2485 domum
1833 2454 1976 2484 residere

1462 2510 1513 2538 22,
1532 2509 1589 2537 20,
1622 2499 1758 2530 introire
1788 2499 1821 2529 in
1847 2502 1903 2537 (<
1916 2497 1974 2539 M)

1462 2545 1599 2576 domum
1630 2553 1682 2584 29,
1702 2553 1758 2580 2ο,
1792 2543 1825 2573 in
1855 2553 1975 2573 vanum

1463 2590 1567 2630 34,6;
1607 2598 1658 2629 79,
1691 2597 1722 2625 13
1761 2589 1794 2619 in
1831 2587 1975 2618 futurum

1460 2643 1513 2674 41,
1542 2641 1667 2674 12.15;
1700 2633 1768 2673 vgl.
1801 2633 1834 2662 in
1865 2631 1974 2662 futuro

1464 2687 1515 2720 50,
1530 2688 1558 2719 9.
1582 2687 1634 2715 10,
1662 2677 1694 2707 in
1712 2677 1837 2708 nullum
1854 2685 1907 2715 42,
1923 2685 1974 2716 34;

1463 2723 1590 2754 elevata
1630 2723 1662 2752 in
1703 2722 1839 2753 modum
1876 2721 1974 2751 tubae

1462 2778 1545 2798 voce
1577 2768 1634 2807 63,
1660 2776 1718 2805 24,
1760 2767 1793 2797 in
1834 2775 1974 2797 vacuum

1464 2813 1515 2850 62,
1535 2821 1582 2843 12.
1603 2821 1649 2852 13.
1665 2821 1723 2848 22,
1751 2811 1823 2841 dies
1841 2810 1972 2841 clauda-

1462 2862 1512 2887 tur
1542 2857 1575 2887 in
1605 2861 1737 2887 noctem
1764 2863 1815 2895 71,
1835 2863 1868 2895 3;
1906 2853 1973 2885 ani-

1463 2912 1550 2932 mam
1568 2901 1705 2942 perdere
1730 2901 1763 2930 in
1786 2899 1973 2940 gehennam
