2164 3406
189 888 230 920 1⁶⁷*

189 1220 231 1253 15

188 1548 231 1581 241

189 1881 231 1914 25

189 2208 232 2241 30

257 188 306 227 56
1002 181 1246 225 Hegemonius

364 294 457 335 LlX
488 293 563 346 (L).
605 294 760 334 MANEs
790 306 934 334 DIXIT:
966 291 1100 333 Nemo
1123 294 1306 346 quidem,
1328 294 1399 346 qui
1419 293 1635 335 adversum
1654 295 1755 335 haec
1777 309 1881 347 quae
1902 310 1925 335 a
1943 297 1984 336 te

256 362 365 401 dicta
387 364 482 402 sunt
511 361 759 412 respondere
790 360 983 413 potuerit,
1012 359 1296 412 blasphemiae
1317 360 1474 400 crimen
1500 360 1692 411 incurrit3
1725 361 1824 413 quin
1844 361 1984 413 potius

257 430 318 467 est
355 427 467 468 omni
503 426 624 466 laude
661 427 940 480 dignissimus.
1006 425 1181 478 Oportet
1217 426 1326 466 enim
1363 425 1566 466 artificem
1601 427 1723 466 rebus
1758 427 1984 480 propositis

257 494 525 546 responsione
557 492 777 545 diligenter
807 494 957 545 aptata,
987 492 1209 532 manifesta
1240 491 1431 531 omnibus
1463 505 1509 531 ea
1530 492 1579 531 de
1601 490 1750 545 quibus
1774 493 1985 545 quaeritur

257 559 321 600 vel
357 558 570 598 dubitatur
611 560 826 599 ostendere
865 561 904 597 et
939 557 1116 597 maxime
1145 556 1297 598 idiotis.
1354 555 1410 596 Et
1440 557 1637 610 quoniam
1665 556 1743 597 tibi
1772 559 1984 598 doctrinae

256 628 420 665 nostrae
451 638 533 664 non
563 624 698 676 placet
724 623 843 675 ratio⁷
872 626 1087 677 tamquam
1109 622 1256 663 artifex
1276 623 1409 662 bonus
1440 622 1564 662 etiam
1593 623 1699 663 hanc
1717 623 1819 663 mihi
1841 638 1985 677 quaes-

257 690 413 730 tionem
455 689 756 730 rationabiliter
800 689 976 729 exsolve.
1040 687 1145 728 Mihi
1188 688 1296 727 enim
1338 687 1453 740 pium
1494 688 1657 729 videtur
1697 689 1831 729 dicere
1874 691 1985 743 quod

256 756 361 796 nihil
393 756 551 807 eguerit
588 754 698 795 filius
736 755 802 795 dei
836 755 879 795 in
916 769 962 795 eo
995 756 1106 808 quod
1142 756 1342 795 adventus
1372 754 1459 794 eius
1488 757 1733 806 procuratur
1768 756 1820 794 ad
1855 757 1984 796 terras

255 836 389 875 neque
421 836 523 875 opus
554 821 745 861 habuerit
774 820 966 861 columba
996 835 1129 874 neque
1160 819 1408 872 baptismate
1438 834 1572 873 neque
1599 823 1728 860 matre
1750 835 1883 873 neque
1904 820 1985 861 fra-

256 888 398 938 tribus,
430 889 606 928 fortasse
636 901 770 940 neque
799 889 933 940 patre,
967 886 1040 940 qui
1070 886 1107 926 ei
1137 888 1362 927 secundum
1391 888 1431 926 te
1462 885 1541 926 fuit
1570 884 1736 938 Ioseph;
1772 888 1842 927 sed
1873 889 1984 928 totus
2011 888 2033 922 3

255 953 326 994 ille
356 953 443 1006 ipse
475 952 736 1002 descendens,
768 956 898 993 semet
921 953 1058 1006 ipsum
1078 953 1121 992 in
1152 965 1413 1005 quocumque
1443 952 1576 992 voluit
1604 952 1914 992 transformavit
1942 952 1985 992 in

256 1019 465 1060 hominem
509 1034 555 1060 eo
592 1022 713 1071 pacto
752 1034 833 1072 quo
866 1018 1018 1059 Paulus
1051 1018 1166 1068 dicit⁷
1210 1017 1306 1070 quia
1346 1021 1479 1058 habitu
1508 1025 1680 1069 repertus
1709 1025 1764 1058 est
1786 1024 1829 1058 ut
1857 1022 1983 1059 homo.

257 1084 384 1125 Cuius
426 1085 554 1138 igitur
584 1085 644 1125 rei
674 1084 901 1138 indiguerit
930 1085 964 1125 is
997 1085 1069 1138 qui
1099 1086 1229 1124 semet
1263 1083 1399 1136 ipsum
1428 1084 1472 1124 in
1502 1084 1641 1125 omnia
1670 1083 1985 1133 transformarit,

257 1152 439 1191 ostende.
500 1150 673 1199 Quando
712 1150 820 1191 enim
852 1150 1002 1199 voluit,
1040 1151 1151 1190 hunc
1186 1149 1397 1190 hominem
1433 1164 1573 1190 rursus
1603 1149 1915 1190 transformavit
1942 1149 1985 1189 in
2011 1153 2034 1187 4

257 1216 435 1268 speciem
477 1216 576 1257 solis
619 1231 666 1257 ac
701 1216 873 1257 vultum.
932 1215 1051 1264 Quod
1093 1216 1128 1255 si
1164 1229 1303 1255 rursus
1338 1215 1511 1264 resistis,
1554 1215 1657 1255 mihi
1692 1218 1802 1256 recte
1833 1215 1986 1256 dicenti

257 1283 381 1322 fidem
412 1282 555 1322 nolens
586 1284 912 1331 accommodare,
944 1281 1041 1321 audi
1073 1281 1356 1321 definitionem
1386 1283 1500 1320 tuam
1523 1280 1565 1320 in
1587 1295 1667 1333 qua
1687 1283 1781 1320 stas.
1812 1280 1856 1321 Si
1877 1280 1984 1320 enim

258 1348 468 1387 hominem
500 1363 593 1388 eum
622 1349 910 1388 tantummodo
943 1362 991 1387 ex
1020 1347 1155 1386 Maria
1186 1362 1274 1388 esse
1302 1346 1404 1387 dicis
1447 1349 1488 1386 et
1517 1345 1559 1385 in
1589 1345 1838 1398 baptismate
1869 1345 1987 1398 spiri-

257 1416 347 1454 tum
378 1414 622 1466 percepisse,
652 1426 751 1467 ergo
782 1429 856 1467 per
886 1413 1120 1466 profectum
1150 1412 1260 1454 filius
1280 1412 1490 1453 videbitur
1520 1414 1560 1452 et
1591 1426 1674 1452 non
1694 1426 1768 1464 per
1788 1414 1988 1452 naturam.

257 1478 302 1518 Si
333 1483 471 1519 tamen
501 1479 578 1520 tibi
609 1481 832 1520 concedam
863 1479 998 1519 dicere
1042 1480 1270 1519 secundum
1310 1478 1544 1531 profectum
1586 1493 1673 1519 esse
1703 1477 1834 1518 filium
1872 1477 1990 1531 quasi
2014 1482 2036 1515 5

256 1545 465 1586 hominem
502 1545 658 1586 factum
702 1545 912 1586 hominem
954 1559 1047 1585 vere
1082 1557 1171 1585 esse
1201 1544 1401 1597 opinariS,
1438 1544 1481 1584 id
1512 1547 1573 1585 est
1603 1543 1673 1597 qui
1704 1557 1797 1584 caro
1828 1546 1867 1583 et
1898 1557 1990 1583 san-

257 1610 350 1663 guis
382 1611 460 1652 sit‘?
510 1610 690 1652 Necesse
723 1613 784 1652 est
805 1623 902 1664 ergo
935 1613 975 1651 et
1003 1609 1204 1663 spiritum,
1236 1610 1306 1663 qui
1327 1609 1435 1650 sicut
1462 1610 1654 1651 columba
1674 1609 1876 1662 adparuit,
1906 1623 1989 1649 non

256 1676 369 1716 aliud
402 1692 488 1718 esse
520 1692 644 1731 quam
683 1676 916 1717 naturalem
951 1675 1204 1725 columbam3
1240 1679 1340 1716 sieut
1368 1680 1483 1716 homo
1521 1676 1629 1716 enim
1660 1676 1814 1716 dictum
1853 1677 1914 1716 est
1950 1677 1989 1715 et
2014 1682 2036 1713 (ἱ

257 1746 358 1781 sicul
387 1747 563 1783 columba
594 1747 633 1783 et
655 1756 941 1796 quaecumque
973 1742 1136 1794 opinari
1156 1744 1294 1794 potest
1314 1743 1362 1781 de
1385 1756 1431 1782 eo
1460 1755 1659 1791 sermone,
1692 1742 1803 1794 quod
1833 1741 1989 1780 dictum

259 1810 331 1858 est,
362 1812 463 1848 sieut
493 1812 621 1859 Immo,
652 1810 728 1850 hac
750 1808 942 1862 opinione
965 1807 1140 1860 concipe
1163 1807 1285 1847 etiam
1308 1808 1357 1847 de
1379 1821 1438 1853 eo,
1471 1809 1582 1860 quod
1612 1807 1768 1846 dictum
1799 1808 1870 1855 est,
1891 1808 1992 1845 sieut

257 1877 443 1914 columba.
498 1874 678 1916 Necesse
708 1877 770 1915 est
803 1877 843 1915 et
875 1874 976 1914 haec
1005 1872 1236 1926 aequaliter
1268 1874 1461 1926 recipere,
1491 1873 1549 1914 ita
1581 1871 1755 1913 enimin
1776 1871 1988 1924 scripturis

259 1954 362 1993 quae
395 1942 443 1980 de
476 1955 521 1981 eo
552 1942 706 1993 scripta
736 1943 832 1981 sunt
861 1939 1137 1980 inveniuntur.
1188 1937 1456 1979 ARCHELAUS
1485 1951 1627 1978 DIXIT:
1659 1937 1775 1978 Sicut
1803 1936 1882 1977 tibi
1901 1937 1988 1990 ipse

257 2021 340 2047 non
376 2009 511 2059 potes7
553 2009 766 2060 tamquam
806 2007 940 2047 bonus
983 2004 1149 2054 artifex,
1187 2018 1321 2057 neque
1353 2017 1430 2058 ego
1461 2004 1538 2044 tibi
1567 2005 1674 2044 hanc
1704 2002 1989 2056 quaestionem

259 2071 479 2125 diligenter
515 2075 699 2125 aptarem
741 2075 827 2111 tam
867 2070 1130 2112 manifestam
1173 2072 1296 2123 atque
1337 2069 1557 2110 manifeste
1590 2068 1868 2118 dissolverem,
1909 2068 1989 2108 nisi

258 2140 429 2190 propter
465 2137 540 2178 hos
574 2138 646 2191 qui
682 2137 888 2178 adsistunt
925 2139 965 2177 et
996 2137 1067 2190 qui
1103 2149 1178 2176 nos
1207 2136 1400 2187 audiunt3
1438 2138 1478 2176 et
1506 2136 1617 2184 ideo,
1648 2134 1756 2175 sicut
1787 2133 1988 2182 convenit,

261 2203 515 2256 quaestionis
547 2203 668 2244 huius
701 2217 866 2257 quoque
897 2216 1099 2256 exponam
1130 2201 1345 2242 rationem.
1396 2200 1492 2242 Tibi
1519 2201 1685 2254 quidem
1715 2214 1798 2240 non
1827 2199 1991 2239 videtur
2015 2205 2038 2239 S

257 2269 326 2321 pie
358 2269 437 2309 dici
480 2272 655 2309 matrem
697 2269 890 2309 habuisse
920 2267 1058 2309 Iesum
1087 2267 1264 2307 Mariam
1301 2269 1341 2307 et
1375 2266 1536 2320 reliqua
1572 2280 1676 2319 quae
1712 2279 1822 2305 nunc
1851 2279 1990 2318 prose-

2010 561 2032 595 Ιθ

2018 1946 2034 1979 ⁸!

371 2378 418 2411 12
457 2378 548 2411 Phil.
568 2370 618 2419 ⁶⁸2,
652 2379 669 2411 T
706 2397 748 2401 —
787 2378 836 2412 ⁸22
875 2377 968 2410 Phil.
1000 2377 1029 2418 2,
1063 2378 1092 2411 7.
1146 2375 1278 2410 Matth.
1303 2377 1333 2418 3,
1360 2376 1411 2410 16.
1464 2374 1579 2408 Mark.
1606 2374 1635 2415 1,
1663 2374 1714 2409 10.
1766 2373 1854 2407 Luk.
1881 2374 1911 2414 3,
1937 2374 1990 2409 22.

258 2432 337 2467 Joh.
364 2435 393 2466 l.
419 2433 461 2466 32

377 2522 449 2556 GM

370 2611 393 2645 4
421 2611 661 2656 responsione]
688 2612 778 2645 nacla
804 2612 929 2656 aptata
949 2610 1064 2652 ssesclc.
1090 2609 1140 2643 M.
1178 2610 1182 2652 Ι
1230 2609 1277 2643 12
1303 2607 1451 2642 homine
1472 2607 1545 2642 OM
1583 2609 1587 2651 Ι
1633 2608 1683 2642 13
1708 2607 1751 2651 is]
1770 2606 1813 2640 iis
1835 2607 1865 2642 O
1898 2607 1902 2650 Ι
1940 2607 1990 2642 14

258 2667 391 2710 rursus]
419 2679 433 2700 s
457 2679 526 2701 aus
551 2680 586 2701 m
612 2678 700 2701 corr.
732 2668 781 2702 Οἳ
824 2669 828 2710 Ι
874 2667 923 2700 1ss
948 2665 1042 2699 nolis
1065 2665 1094 2700 O
1128 2665 1131 2707 Ι
1172 2665 1220 2700 18
1239 2663 1352 2698 filium
1374 2664 1404 2698 Ο
1436 2664 1440 2706 Ι
1479 2665 1528 2698 22
1547 2662 1752 2697 naturalem
1770 2662 1989 2705 columbam]

258 2723 425 2757 naturale
469 2723 674 2757 columbam
715 2723 744 2757 G
777 2721 954 2756 naturalis
985 2720 1154 2755 columba
1178 2720 1222 2753 M
1261 2721 1264 2763 Ι
1310 2720 1361 2754 24
1387 2719 1468 2763 hac]
1496 2730 1537 2753 ac
1565 2718 1638 2754 OM
1674 2719 1679 2761 Ι
1725 2719 1775 2753 26
1807 2717 1991 2752 invenitur

264 2778 292 2812 G
317 2778 521 2812 continetur
546 2778 590 2811 M
629 2779 633 2820 Ι
678 2778 728 2813 28
755 2777 960 2821 diffigenter
989 2777 1019 2811 Ο
1059 2778 1063 2818 Ι
1108 2777 1270 2820 aptarem
1295 2775 1383 2819 tam]
1410 2776 1534 2819 aptare
1564 2775 1640 2808 tam
1669 2774 1699 2809 O
1721 2775 1845 2818 aptare
1874 2773 1990 2807 uitam

259 2833 303 2867 M
343 2835 346 2875 Ι
392 2833 635 2876 manifestam]
667 2833 937 2867 manifestarem
977 2832 1049 2866 CM
1088 2832 1093 2874 Ι
1136 2831 1340 2875 manifeste]
1377 2830 1609 2874 manifesteq3
1646 2830 1795 2873 (festeq3
1831 2840 1864 2863 (ι.
1889 2828 1990 2871 Eas.)

264 2890 292 2925 O
323 2889 538 2933 manifesteq
560 2888 607 2923 M.
657 2889 724 2922 Die
763 2888 863 2921 Stelle
898 2887 946 2921 ist
976 2888 1066 2922 ¹nach
1104 2888 1141 2922 Z.
1171 2888 1256 2921 3—7
1292 2886 1470 2930 emyefc‘ilcr
1504 2885 1569 2919 asie
1603 2885 1657 2919 im
1697 2885 1793 2918 Texte
1823 2884 1911 2918 steht
1942 2895 1991 2917 mc

260 2944 479 2987 'HJJ-rzssfsz'eren.
522 2945 527 2986 Ι
573 2945 622 2979 29
648 2944 726 2988 hos]
754 2956 768 2977 s
794 2955 861 2977 ans
887 2955 905 2978 c
929 2943 1015 2977 olmc
1040 2944 1125 2977 Has.
1152 2954 1242 2977 corr.
1272 2942 1320 2977 01
1344 2953 1383 2975 w.
1409 2953 1435 2976 e.
1460 2941 1531 2974 sele.
