2164 3406
268 173 319 211 96
1002 167 1033 200 H
1037 167 1246 212 egemonius

268 278 301 319 is
334 278 404 331 qui
441 278 598 331 aliquid
630 293 891 332 quocumque
927 280 1153 332 portaverit
1183 282 1327 321 auctor
1357 281 1443 320 eius
1472 283 1679 333 putandus
1711 284 1787 332 031,
1817 284 1889 323 sed
1920 284 1991 336 qui

268 343 480 384 invenerit.
528 344 642 385 Sicut
672 345 780 385 enim
811 347 1062 398 gubernator
1092 348 1303 397 acceptam
1324 361 1479 396 navem,
1511 361 1634 400 quam
1665 347 1770 388 alius
1800 348 1907 397 fecit⁷
1939 351 1991 388 ad

269 423 552 462 quaecumque
582 410 672 451 loca
702 410 880 451 voluerit
908 413 1131 464 perducere
1161 414 1307 463 potest,
1338 411 1496 453 alienus
1528 415 1590 453 est
1618 416 1757 453 tamen
1788 414 1900 454 omni
1922 427 1990 467 ge-

267 489 362 515 nere
393 490 415 514 a
446 475 751 517 constructione
793 476 891 524 0103,
932 476 990 515 113
1031 475 1335 529 intellegendus
1367 481 1428 518 est
1458 480 1498 518 et
1527 477 1615 519 iste.
1673 477 1771 519 Non
1802 479 1910 519 enim
1939 494 1990 520 ex

223 540 385 582 5101110
416 541 512 581 11010
540 541 599 581 rei
629 541 715 593 ipse
748 541 950 593 originem
983 542 1104 591 dedit,
1136 541 1207 582 sed
1237 544 1397 582 tantum
1430 557 1535 596 quae
1557 544 1607 584 ab
1630 543 1710 584 alio
1741 544 1905 585 fuerant
1930 545 1991 585 in-

266 609 388 646 venta
417 621 490 658 per
519 621 560 647 se
592 607 739 647 detulit
768 607 1021 653 hominibus,
1059 606 1165 647 sicut
1196 608 1316 648 certis
1346 608 1595 649 testimoniis
1625 612 1769 650 notum
1800 613 1870 659 est,
1902 612 1991 664 qui-

266 673 343 712 bus
373 672 630 724 propositum
662 675 722 713 est
752 673 871 713 nobis
903 674 1134 713 ostendere:
1164 687 1248 713 non
1279 688 1326 713 ex
1356 674 1479 714 Mane
1509 674 1713 727 originem
1743 675 1841 715 mali
1868 677 1989 717 huius

267 752 463 787 manasse,
494 740 564 778 sed
595 739 645 778 ab
677 738 769 788 alio,
801 741 840 778 et
870 740 963 778 ante
990 738 1170 779 multum
1191 739 1389 791 temporis
1410 754 1434 779 a
1453 740 1627 780 barbaro
1650 742 1829 792 quodam
1851 745 1992 782 exorta

267 803 308 842 in
340 802 503 844 silentio
534 803 684 853 habita,
716 805 765 843 ab
796 803 876 844 1310
909 818 1003 845 vero
1033 804 1177 857 ignota
1208 807 1247 844 et
1275 804 1447 844 latentia
1466 804 1580 845 velut
1599 806 1766 858 propria
1794 807 1879 847 eius
1903 821 1990 848 esse

201 873 243 906 10
267 867 436 921 prolata,
468 869 602 910 deleto
635 868 925 922 conscriptoris
956 869 1089 919 titulo⁷
1120 870 1226 911 sicut
1256 870 1443 923 superius
1475 872 1656 924 exposui.
1704 870 1801 912 Fuit
1829 874 1990 925 praedi-

268 936 381 974 cator
422 937 531 987 apud
562 934 707 976 Persas
749 935 872 975 etiam
902 934 1107 976 Basilides
1139 937 1307 989 quidam
1349 937 1573 990 antiquior,
1615 951 1699 977 non
1739 937 1865 990 longo
1896 942 1990 991 post

267 1002 498 1040 nostrorum
532 1000 815 1053 apostolorum
845 1003 1048 1053 tempore;
1092 1002 1163 1054 qui
1194 1006 1233 1042 et
1262 1003 1349 1055 ipse
1381 1017 1473 1042 cnm
1505 1006 1610 1043 esset
1642 1006 1831 1044 versutus
1863 1006 1903 1044 et
1932 1005 1990 1044 vi-

267 1065 395 1105 disset
425 1066 534 1118 quod
557 1080 603 1106 eo
626 1068 811 1118 tempore
841 1066 923 1105 iam
952 1070 1087 1107 essent
1107 1068 1245 1108 omnia
1264 1070 1574 1120 praeoccupata,
1607 1068 1847 1109 dualitatem
1868 1070 1990 1110 istam

267 1130 398 1170 voluit
428 1130 643 1171 adfirmare
675 1146 779 1185 quae
811 1131 933 1171 etiam
966 1134 1074 1184 apud
1105 1132 1376 1186 Scythianum
1407 1136 1503 1174 erat.
1561 1133 1752 1187 Denique
1774 1149 1866 1175 cum
1888 1135 1991 1175 nihil

202 1200 243 1233 15
267 1195 436 1235 haberet
457 1198 568 1249 quod
589 1198 795 1237 adsereret
814 1197 1038 1249 proprium,
1061 1197 1151 1239 aliis
1173 1198 1292 1239 dictis
1313 1199 1530 1252 proposuit
1551 1200 1803 1241 adversariis.
1834 1200 1888 1241 Et
1910 1216 1990 1242 om-

267 1275 338 1300 nes
369 1261 455 1302 eius
477 1262 572 1301 libri
593 1262 781 1302 difficilia
803 1264 1006 1315 quaedam
1029 1266 1068 1303 et
1089 1265 1312 1316 asperrima
1333 1265 1557 1306 continent.
1605 1265 1731 1305 Extat
1752 1268 1889 1306 tamen
1911 1270 1990 1306 ter-

266 1326 348 1366 tius
370 1327 551 1368 decimus
576 1327 683 1367 liber
703 1330 953 1368 tractatuum
979 1328 1077 1379 eius,
1110 1329 1226 1369 cuius
1251 1329 1415 1370 initium
1436 1330 1517 1370 tale
1540 1333 1617 1372 est:
1652 1330 1861 1380 „Tertium
1883 1333 1991 1372 deci-

271 1407 407 1441 „mum
439 1393 557 1433 nobis
590 1396 838 1434 tractatuum
862 1394 1136 1435 scribentibus
1162 1394 1316 1436 librum
1336 1397 1613 1436 necessarium
1641 1411 1873 1437 sermonem
1894 1398 1989 1438 ube-

272 1472 463 1511 „remque
493 1458 682 1499 salutaris
713 1474 846 1499 sermo
877 1460 1122 1512 praestabit:
1163 1475 1237 1513 per
1262 1461 1503 1513 parabolam
1543 1461 1681 1502 divitis
1723 1465 1762 1502 et
1798 1464 1990 1515 pauperis

200 1529 244 1563 ‘20
268 1526 454 1563 naturam
476 1524 563 1564 sine
585 1525 720 1565 radice
743 1528 782 1565 01
802 1525 888 1565 3100
920 1525 1012 1567 loco
1044 1527 1165 1567 rebus
1197 1527 1553 1579 supervenientem
1584 1530 1692 1568 unde
1724 1527 1991 1580 pullulaverit

267 1588 458 1629 indicat“.
528 1589 619 1631 Hoc
650 1594 787 1631 autem
827 1590 961 1631 solum
1001 1594 1125 1644 caput
1153 1592 1257 1632 liber
1287 1594 1495 1634 continet?
1545 1591 1696 1634 Nonne
1736 1593 1919 1634 continet
1951 1596 1991 1634 et

268 1654 394 1694 alium
434 1659 688 1697 sermonem?
730 1656 801 1704 At,
841 1657 948 1697 sicut
989 1657 1146 1710 opinati
1176 1660 1272 1698 sunt
1302 1658 1485 1711 quidam,
1523 1674 1657 1699 nonne
1689 1673 1831 1699 omnes
1862 1658 1989 1699 offen-

269 1719 422 1759 damini
443 1721 532 1773 ipso
554 1721 671 1771 libro,
704 1722 819 1762 cuius
849 1722 1013 1762 initium
1044 1726 1130 1763 erat
1159 1723 1264 1763 hoc?
1307 1724 1387 1764 Sed
1417 1726 1467 1764 ad
1494 1739 1580 1764 rem
1602 1725 1763 1765 rediens
1783 1724 1989 1765 Basilides

267 1784 492 1826 interiectis
522 1786 614 1839 plus
654 1786 839 1827 minusve
873 1788 1109 1840 quingentis
1145 1788 1331 1829 versibus
1367 1789 1439 1830 ait:
1485 1789 1753 1839 „Desinamus
1788 1790 1840 1830 ab
1877 1791 1990 1830 inani

200 1857 243 1891 223
271 1853 335 1900 „et
366 1852 526 1892 curiosa
556 1853 771 1904 varietate3
810 1854 1066 1906 requiramus
1103 1857 1240 1894 autem
1271 1856 1404 1908 magis
1435 1870 1539 1908 quae
1571 1856 1620 1895 de
1650 1856 1769 1895 bonis
1801 1859 1840 1895 et
1869 1856 1989 1896 malis

271 1916 418 1965 „etiam
461 1916 624 1957 barbari
661 1919 939 1970 inquisierunt
974 1922 1014 1959 et
1050 1919 1093 1960 in
1130 1934 1231 1973 quas
1263 1921 1478 1972 opiniones
1504 1922 1552 1961 de
1583 1921 1645 1961 his
1677 1922 1868 1961 omnibus
1898 1936 1988 1974 per-

271 1985 503 2030 „venerunt
554 1982 731 2031 Quidam
762 1985 871 2024 enim
899 1985 1046 2025 horum
1078 1985 1269 2026 dixerunt
1297 1986 1415 2025 initia
1446 1986 1631 2027 omnium
1661 1988 1742 2027 duo
1774 2001 1869 2037 esse,
1901 1987 1990 2040 qui-

272 2048 370 2096 „bus
400 2047 508 2088 bona
539 2051 578 2089 01
607 2049 715 2089 10313
745 2051 1068 2101 adsociaverunt,
1098 2052 1188 2104 ipsa
1210 2052 1391 2093 dicentes
1421 2052 1541 2092 initia
1568 2053 1655 2092 sine
1685 2052 1804 2093 initio
1836 2067 1922 2093 esse
1951 2055 1991 2093 et

271 2112 495 2165 „ingenitffi
526 2114 569 2153 id
600 2117 660 2154 est
689 2115 731 2154 in
762 2116 974 2169 principiis
1004 2116 1139 2157 lucem
1170 2117 1295 2157 fuisse
1327 2132 1373 2158 30
1402 2118 1608 2168 tenebras,
1647 2132 1752 2171 quae
1783 2133 1831 2158 ex
1861 2120 1990 2158 semet

387 2221 459 2255 GM

382 2310 399 2343 1
428 2310 472 2353 is]
499 2310 554 2352 his
584 2311 655 2344 GM
694 2313 698 2355 Ι
744 2312 766 2345 3
794 2314 913 2356 potest
937 2320 979 2350 <
1002 2313 1031 2347 G
1060 2314 1064 2354 Ι
1101 2314 1125 2348 4
1151 2313 1427 2347 constructionis
1457 2315 1486 2349 O
1526 2315 1530 2357 Ι
1576 2315 1597 2349 5
1622 2315 1715 2348 uach,
1740 2314 1801 2349 sed
1820 2319 1861 2354 -1-
1880 2314 1989 2349 etiam

271 2365 301 2398 G
341 2364 346 2407 Ι
394 2366 410 2399 7
439 2377 570 2400 manen
600 2368 628 2401 G
669 2368 673 2409 Ι
719 2368 740 2403 8
767 2368 943 2411 manasse]
976 2380 1099 2403 manes
1131 2380 1206 2403 esse
1236 2370 1265 2403 C
1305 2369 1309 2411 Ι
1354 2369 1506 2403 exhorta
1530 2369 1575 2402 Μ
1612 2370 1616 2412 Ι
1660 2371 1684 2404 9
1709 2370 1836 2413 ignota
1861 2370 1909 2413 et]
1935 2369 1988 2414 ig-

268 2421 352 2454 note
381 2421 410 2455 O
451 2422 454 2463 Ι
501 2422 547 2456 11
575 2422 738 2457 basilidis
768 2424 797 2458 O
838 2425 841 2466 Ι
889 2424 937 2458 13
963 2426 1056 2458 esset
1084 2425 1114 2459 Ο
1154 2426 1158 2465 l
1204 2425 1254 2459 14
1280 2425 1482 2459 scutianum
1510 2426 1539 2460 O
1561 2426 1791 2460 excutianum
1816 2425 1860 2458 Μ
1890 2426 1894 2467 Ι
1940 2426 1989 2460 15

268 2476 349 2509 aliis
375 2476 494 2521 dictis]
521 2478 577 2512 (lie
604 2479 704 2511 Stella
728 2480 777 2512 ist
803 2479 1000 2514 verdorhen.
1046 2480 1177 2514 Traube
1201 2481 1334 2514 m'mmt
1358 2480 1435 2514 θένε
1451 2481 1568 2514 Liiclae
1592 2493 1650 2522 cm,
1676 2484 1782 2514 eiu-a:
1810 2480 1891 2514 aliis
1917 2480 1989 2514 dic-

268 2530 314 2564 tis
339 2531 616 2576 pro<pe1nodum
643 2534 767 2567 eadem
793 2535 979 2579 opposuit
1006 2535 1219 2570 adversariis
1254 2536 1322 2569 mit
1348 2548 1458 2579 quare
1482 2537 1535 2570 als
1564 2537 1706 2580 Βερνίκη.
1733 2537 1790 2570 des
1819 2536 1990 2569 ozccehsten

271 2586 410 2628 Same&
446 2588 580 2622 Selzone
604 2593 773 2623 vernentes
799 2590 844 2624 ab
871 2590 951 2624 aliis
977 2591 1084 2631 dicta,
1117 2592 1333 2634 Gustafsson
1358 2592 1478 2626 aliena
1503 2592 1620 2631 dictis,
1651 2592 1777 2626 Jacobz'
1803 2592 1987 2634 interpun-

264 2642 356 2683 fflfert
391 2643 484 2676 nacla
520 2646 692 2678 assereret
715 2646 792 2679 und
814 2646 966 2679 schreibt
1002 2645 1046 2680 de
1076 2646 1191 2680 initiis
1225 2650 1311 2681 statt
1342 2648 1449 2681 dictis
1493 2648 1496 2691 Ι
1543 2648 1591 2683 18
1628 2648 1826 2681 tractatum
1867 2647 1940 2682 GM
1985 2646 1988 2691 l

271 2697 319 2731 19
346 2698 564 2733 salutaribus
594 2701 624 2735 O
664 2701 667 2742 Ι
712 2702 927 2745 praestabit]
958 2701 1098 2743 Traube,
1124 2703 1301 2746 perstauit
1330 2704 1360 2738 O
1380 2703 1574 2748 perstatuit
1610 2703 1654 2736 M
1703 2704 1707 2746 1
1762 2703 1987 2748 parabolam]

270 2752 396 2792 Bouth,
422 2755 610 2798 paruulam
640 2757 713 2790 GM
763 2758 767 2798 Ι
823 2758 873 2791 20
898 2757 1032 2801 radice]
1059 2768 1126 2791 aas
1158 2759 1314 2793 radicem
1339 2771 1427 2792 corr.
1459 2759 1488 2793 O
1534 2760 1538 2802 ]
1590 2759 1639 2793 ⁴22
1669 2759 1795 2793 Jacobz'
1821 2762 1989 2792 vermutet

270 2808 428 2842 alienum
453 2813 537 2843 stat!
563 2811 674 2845 alium
698 2813 774 2846 mid
803 2813 935 2847 mifielzte
960 2813 1026 2847 clem
1055 2813 1354 2854 rorlzersselzendem
1380 2815 1466 2848 Saty„
1496 2815 1550 2848 als
1574 2814 1651 2847 eine
1676 2814 1912 2857 Belmupz‘unss
1936 2825 1987 2848 er-

268 2864 389 2897 klilren
433 2868 437 2903 ι
482 2866 533 2909 31]
559 2867 735 2907 ΡΙρηλΈνε,
762 2870 798 2902 et
827 2869 900 2903 ΟΜ
930 2869 934 2912 Ι
971 2869 1103 2913 00000]
1130 2880 1175 2903 00
1199 2868 1244 2902 Μ
1274 2871 1277 2911 Ι
1315 2869 1563 2914 offendamini]
1588 2870 1732 2911 Traube,
1758 2869 1989 2904 offendemini

275 2920 303 2953 (⁷
326 2920 503 2954 offendam
529 2922 566 2955 in
591 2922 634 2955 Μ
673 2924 677 2966 l
723 2924 774 2957 24
800 2924 855 2967 ve]
882 2924 941 2958 001
970 2926 999 2959 Ο
1040 2925 1045 2968 Ι
1090 2924 1211 2959 desine
1241 2926 1270 2960 O

2016 353 2038 386 2

2017 678 2039 712 3

2017 1202 2038 1237 5

2016 1596 2038 1629 6

2018 1794 2034 1828 n]
